2492 3900
360 153 461 204 XL
918 150 1019 201 DE
1055 148 1429 201 EVRIPIDIS
1467 148 1776 202 INGENIO

366 321 539 383 quam
596 301 865 379 vulgares
908 309 967 361 et
1018 309 1319 380 tamquam
1365 320 1398 362 c
1452 299 1581 362 soro
1636 308 1696 362 et
1749 303 2053 363 communi
2114 303 2230 361 vita
2271 302 2340 360 in

366 403 637 448 scaenam
681 381 1096 462 traductas⁸⁴):
1156 384 1334 446 modo
1391 403 1602 463 pravos
1656 387 1732 446 iis
1777 385 1986 446 tribuit
2029 403 2226 445 mores
2280 393 2344 444 et

368 470 626 532 abiectos
640 465 743 546 ⁸⁵),
802 470 979 530 modo
1034 469 1277 531 umbras
1331 471 1475 530 facit
1530 485 1858 546 exsangues
1913 471 2188 549 omnique
2231 487 2339 547 pe·

368 553 576 616 culiari
621 560 759 614 nota
802 554 1127 614 destitutas.
1194 555 1561 631 vituperatur
1605 553 1678 615 ab
1723 553 2134 633 Aristophane,
2179 553 2342 630 quod

368 656 542 716 reges
587 645 647 698 et
698 637 913 700 heroas
968 638 1177 716 pannis
1230 637 1472 698 indutos
1515 636 1608 697 vel
1651 637 1894 698 claudos
1937 638 2338 717 proposuerit,

368 722 527 801 quod
570 723 776 800 Augen
819 723 881 781 in
926 720 1147 800 templo
1191 722 1552 801 parientem,
1609 720 1939 782 Phaedram
1983 729 2044 781 et
2083 719 2340 784 Sthene-

372 807 581 867 boeam
637 804 936 866 adulteras
988 804 1224 875 fecerit,
1295 805 1451 885 quod
1505 805 1764 866 Macarei
1819 812 1880 864 et
1933 805 2193 866 Canaces
2247 805 2341 863 in·

370 897 594 952 cestum
641 897 700 949 et
744 887 1045 968 quaelibet
1096 886 1323 950 scelera
1369 897 1428 949 et
1481 888 1700 967 flagitia
1755 886 2182 967 divulgarit8⁶):
2229 906 2344 948 nee

371 981 566 1051 potest
618 974 827 1050 negari
882 972 1228 1050 dignitatem
1282 973 1624 1052 tragoediae
1681 979 2041 1033 attenuatam
2095 989 2228 1032 esse
2285 981 2345 1030 et

371 1059 819 1119 sanctimoniam
874 1056 1238 1118 deminutam
1285 1056 1358 1116 ab
1405 1075 1476 1116 eo
1517 1064 1720 1135 poeta,
1777 1059 1878 1136 qui
1925 1055 2032 1116 ‘ad
2087 1073 2186 1116 res
2233 1057 2344 1114 mi·

372 1151 549 1203 nutas
580 1148 640 1202 et
661 1140 1012 1201 domesticas
1041 1139 1452 1219 Melpomenen
1497 1137 1964 1213 detruserit’87).
2037 1141 2346 1217 egregium

372 1244 511 1286 vero
571 1224 934 1286 admiramur
988 1224 1274 1285 artificem
1331 1227 1394 1285 in
1439 1223 1828 1302 depingendis
1871 1223 2176 1287 affectibus
2222 1233 2346 1283 tam

373 1307 605 1370 lenibus
661 1327 837 1388 quam
896 1307 1281 1370 vehementer
1343 1309 1652 1370 concitatis
1668 1305 1770 1387 88),
1830 1325 1900 1366 ac
1966 1309 2348 1368 verissimum

375 1401 466 1452 est
522 1390 682 1470 quod
724 1391 1072 1453 Aristoteles
1128 1391 1462 1472 praedicat,
1518 1387 1552 1451 ὀ
1595 1387 1961 1472 Εὐριπίδης,
2018 1391 2074 1451 εἰ
2125 1387 2230 1450 καὶ
2279 1387 2350 1450 τὰ

373 1474 520 1536 ἄλλα
563 1472 644 1553 μὴ
703 1465 774 1535 εὖ
817 1475 1115 1553 οἰκονομεῖ
1125 1519 1144 1552 ,
1200 1471 1348 1536 ἀλλὰ
1403 1473 1832 1554 τραγικώτατός
1874 1495 1941 1554 γε
1994 1483 2116 1534 τοῖν
2169 1495 2351 1551 ποιη-

374 1567 495 1620 τῶν
536 1556 920 1638 φαίνεται88).
1009 1562 1221 1621 imitati
1279 1566 1418 1620 sunt
1458 1557 1802 1638 Euripidem
1859 1561 1963 1634 qui
2015 1569 2154 1637 post
2207 1577 2352 1619 eum

374 1643 447 1704 ad
504 1642 865 1720 tragoediam
926 1653 1338 1711 accesserunt;
1398 1643 1652 1704 eundem
1709 1644 1919 1704 comici
1961 1651 2174 1720 poetae
2218 1651 2352 1703 tum

375 1732 799 1806 impugnarunt
862 1725 1059 1787 dedita
1126 1744 1306 1806 opera
1372 1735 1497 1787 tum
1571 1726 1887 1787 laudarunt
1947 1734 2007 1786 et
2071 1726 2352 1786 admirati

376 1819 543 1880 sunt;
586 1813 731 1872 item
773 1808 1109 1890 philosophi
1147 1818 1208 1871 et
1251 1811 1506 1871 cuiusvis
1535 1812 1770 1887 generis
1813 1812 2136 1888 scriptores
2176 1809 2351 1871 lecti-

375 1903 577 1959 tarunt
620 1897 748 1959 eius
792 1895 1127 1973 tragoedias
1157 1902 1216 1956 et
1258 1895 1441 1958 multa
1468 1894 1608 1957 inde
1649 1895 2152 1975 deprompserunt
2195 1911 2356 1972 quae

375 1984 437 2043 in
481 2000 658 2044 usum
700 1998 873 2043 suum
918 1987 1348 2042 converterent.

510 2164 598 2227 84)
638 2162 725 2215 of.
759 2163 989 2214 Aristot.
1024 2163 1181 2217 Poet.
1228 2178 1277 2214 c.
1311 2165 1380 2215 25
1422 2178 1475 2228 p.
1515 2164 1697 2215 14601)
1735 2165 1826 2214 33:
1875 2160 2187 2227 Σοφοκλῆς
2232 2160 2355 2230 ἔφη

384 2221 561 2290 αὐτὸς
596 2226 701 2297 μὲν
736 2228 899 2289 οἴους
934 2228 1033 2280 δεῖ
1062 2232 1274 2291 ποιεῖν,
1312 2222 1642 2296 Εὐριπίδην
1679 2226 1744 2279 δὲ
1781 2225 1894 2280 οἷοι
1934 2226 2064 2281 εἰσί.
2211 2266 2226 2273 -

512 2297 599 2362 85)
636 2296 777 2347 Vide
813 2313 865 2349 v.
904 2312 952 2346 c.
978 2297 1201 2361 Argum.
1237 2298 1370 2347 Eur.
1408 2297 1500 2347 Or.
1535 2314 1588 2361 p.
1615 2299 1733 2356 244,
1771 2298 1858 2346 18:
1896 2290 1959 2347 τό
2000 2295 2200 2361 δρᾶμα
2236 2298 2356 2349 τῶν

379 2359 475 2417 ἐπὶ
500 2363 714 2431 σκηνῆς
740 2355 1219 2429 εὖὸοκιμούντων,
1257 2363 1540 2429 χείριστον
1565 2359 1630 2415 δὲ
1655 2366 1776 2422 τοῖς
1809 2356 2012 2427 ἤθεσι·
2047 2356 2206 2429 πλὴν
2239 2360 2360 2431 γὰρ

382 2423 665 2484 Πυλάδου
698 2428 911 2491 πάντες
949 2429 1172 2494 φαῦλοί
1204 2427 1367 2481 εἰσιν.

512 2498 600 2564 86)
625 2500 727 2567 ,An
766 2498 898 2551 Aah.
920 2500 1021 2549 412
1045 2512 1165 2563 sqq.
1200 2499 1343 2549 Nub.
1369 2500 1498 2550 1371
1535 2498 1668 2551 Pac.
1696 2500 1792 2548 147
1825 2497 2041 2549 Thesm.
2069 2500 2170 2549 54⁷
2208 2498 2352 2555 Ran,

382 2570 512 2620 1043
556 2570 685 2620 1063
726 2569 997 2632 10798qq.
1691 2593 1696 2601 ·

512 2636 602 2697 87)
638 2635 836 2686 Verbis
872 2640 1000 2685 utor
1033 2634 1266 2685 Porsoni
1291 2634 1349 2683 in
1374 2634 1503 2683 Eur.
1527 2634 1619 2684 Or.
1647 2634 1797 2683 1106.
1857 2646 1972 2683 rem
2005 2631 2192 2696 lepide
2228 2633 2353 2683 illu·

380 2708 525 2753 strat
546 2705 639 2753 Ar.
666 2704 804 2753 Rau.
827 2702 953 2755 980³
976 2699 1083 2751 νῦν
1106 2698 1251 2767 γοῦν
1272 2691 1592 2763 Ἀθηναίων
1611 2688 1766 2757 ἅπας
1785 2715 1872 2757 τις
1894 2693 2088 2750 εἰσιών
2106 2694 2356 2765 κέκραγε

380 2761 523 2848 πρὸς
557 2761 691 2825 τούς
717 2764 945 2825 οἰκέτας
973 2767 1137 2832 ζητεῖ
1156 2782 1233 2827 τε,
1271 2764 1384 2818 ποῦ
1412 2762 1565 2817 ἔστιν
1620 2758 1634 2778 ‘
1675 2757 1884 2831 χύτρας
1924 2765 2011 2825 τίς
2035 2761 2142 2831 τὴν
2169 2782 2355 2831 κεφα-

380 2838 489 2953 ἒην
524 2827 891 2915 οἳπεδήδοκθεν
926 2832 1029 2899 τῆς
1063 2832 1364 2897 putridum
1401 2826 1466 2884 τὸ
1503 2785 1770 2899 voigi-nov
1805 2827 1870 2884 τὰ
1905 2828 2226 2898 περυσινὸν
2263 2830 2355 2886 τέ·-

502 2918 568 2952 κε
648 2917 703 2951 οι
738 2916 852 2952 κτε.

431 2919 499 2967 νη
517 2918 926 3034 88)μΒοηὲἰιιηε
948 2968 1013 3019 de
1038 2964 1180 3020 subl.
1209 2984 1259 3019 c.
1288 2970 1370 3029 15,
1394 2972 1452 3020 3:
1480 2964 1598 3020 ἔστι
1621 2963 1726 3033 μὲν
1752 2955 1860 3018 οὖν
1883 2960 2359 3032 φιλοπονώτατος

383 3029 414 3087 ὁ
443 3029 769 3101 Εὐριπίδης
804 3026 913 3087 δύο
938 3032 1104 3086 ταυτὶ
1126 3032 1315 3100 ποῖθη,
1352 3034 1563 3100 μανίας
1587 3051 1649 3087 τε
1673 3033 1775 3086 καὶ
1799 3030 2030 3099 ἔρωτας,
2067 3028 2358 3102 ἐκτραγῳ-

384 3101 560 3169 δῆσαι
594 3094 708 3153 κοῗν
751 3097 975 3162 τούτοις
1020 3094 1095 3161 ὥς
1131 3094 1237 3155 οὐκ
1284 3096 1399 3153 οἷδ’
1453 3102 1513 3153 εἴ
1541 3119 1628 3161 τις
1663 3098 1854 3168 ἕτερος
1890 3094 2356 3165 ἐπιτυχέστατος.

518 3169 605 3231 89)
642 3171 866 3223 Aristot.
904 3172 1059 3221 Poet.
1089 3186 1136 3222 e.
1166 3172 1227 3219 13
1264 3186 1315 3234 p.
1343 3171 1473 3221 1453
1495 3186 1528 3219 a
1550 3172 1634 3221 29.
1706 3168 1779 3219 cf.
1815 3170 1922 3219 Dio
1959 3167 2249 3231 Chrysost.
2277 3172 2358 3226 18,

386 3241 441 3290 7:
480 3226 520 3301 ἥ
556 3252 617 3287 τε
644 3228 970 3301 Εὐριπίδου
1002 3228 1320 3316 προσήνεια
1345 3234 1445 3287 καὶ
1469 3228 1800 3301 πιθανότης
1821 3234 1924 3286 τοῦ
1948 3230 2054 3300 μὲν
2079 3238 2359 3301 τραγικοῦ

386 3295 895 3369 ἄπαυθαὸήματος
913 3300 1013 3354 καὶ
1032 3298 1350 3385 ἀξιωματος
1373 3299 1550 3369 τυχὸν
1576 3296 1682 3354 οὐκ
1707 3294 1780 3353 ἄν
1804 3297 2008 3360 τελέως
2033 3294 2360 3366 ἐφικνοῖτο,

382 3369 657 3440 πολιτικῷ
686 3366 752 3422 δὲ
778 3363 949 3435 ἀνδρὶ
972 3365 1130 3421 πάνυ
1151 3367 1464 3436 ωφέλιμος·
1493 3366 1576 3423 ἔτι
1604 3364 1669 3421 δὲ
1695 3361 1820 3436 ἤθη
1847 3366 1946 3420 καὶ
1964 3362 2136 3435 πάθη
2165 3366 2362 3428 δεινὸς

382 3438 700 3508 πληρῶσαι·
749 3436 850 3490 καὶ
884 3430 1113 3505 γνώμας
1147 3436 1291 3505 πρὸς
1329 3454 1558 3489 απαντα
1593 3429 1918 3502 ὠφελίμους
1967 3436 2362 3503 καταμίγνυσι

382 3512 503 3566 τοῖς
539 3502 853 3573 ποιήμασιν
889 3496 995 3558 ἅτε
1032 3505 1384 3571 φιλοσοφίας
1420 3498 1526 3555 οὐκ
1561 3496 1800 3569 ἄπειρος
1835 3496 1930 3553 ὤν.
