2492 3900
624 167 1042 226 ΗΡΑΚΛΗΣ
1075 169 1691 230 ΜΛΙΝΟΜΕΝΟΣ
2058 165 2183 233 329

399 345 470 406 τί
500 334 583 424 δὴ
615 333 692 404 τὸ
721 334 973 423 σεμνὸν
1001 343 1096 428 σῷ
1129 345 1598 426 κατείργασται
1631 341 1843 426 πόσει,

395 435 618 527 ὕδραν
651 440 871 507 ἕλειον
899 446 963 508 εἰ
988 437 1270 508 διώλεσε
1300 438 1567 509 κτανών

394 535 438 627 ἢ
467 539 587 609 τὸν
611 541 910 627 Νέμειον
937 537 1125 629 θῆρ’;
1152 536 1234 609 ὃν
1262 544 1338 610 ἐν
1368 542 1635 630 βρόχοις
1668 540 1839 612 ἑλῶν

397 641 752 732 βραχίονός
782 639 936 729 φησ’
967 639 1360 730 ἀγχόναισιν
1387 647 1653 725 ἐξελεῖν.
1942 643 1951 650 ’

399 739 612 813 τοῖσδ’
645 745 1160 831 έξαγωνίζεσθε;
1187 741 1393 814 τῶνδ’
1429 742 1529 834 ἄρ’
1567 751 1821 816 εἵνεκεν
2084 767 2182 818 155

396 843 553 927 τοὺς
571 842 1007 935 Ἡρακλείους
1037 850 1279 926 παῖδας
1307 845 1389 915 οὐ
1419 846 1750 935 θνήσκειν
1776 848 2032 936 χρεοόνς

395 941 468 1026 ὃς
495 953 643 1034 ἔσχε
673 948 876 1030 δόξαν
903 945 1111 1018 οὐδὲν
1140 943 1236 1015 οἳν
1268 946 1593 1035 εὐψυχίας

389 1055 632 1138 θηρῶν
657 1053 733 1118 ἐν
760 1056 983 1140 αἰχμῇ,
1018 1047 1224 1119 τᾶλλα
1256 1046 1323 1117 δ’
1356 1046 1562 1120 οὐδὲν
1590 1047 1885 1139 ἄλκιμος,

393 1146 469 1230 ὃς
497 1147 723 1220 οὔποτ’
756 1147 988 1220 ἀσπίδ’
1026 1159 1174 1239 ἔσχε
1207 1150 1376 1240 πρὸς
1403 1158 1559 1244 λαιᾷ
1583 1154 1731 1242 χερὶ

395 1249 550 1321 οὐδ’
583 1243 757 1339 ἦλθε
786 1253 1026 1341 λόγχης
1055 1252 1290 1342 ἐγγύς,
1326 1250 1496 1323 ἀλλὰ
1527 1251 1664 1337 τόξ’
1699 1261 1903 1342 ἔχων,
2084 1273 2182 1327 160

389 1354 704 1423 κάκιστον
734 1351 975 1442 ὅπλον,
1012 1363 1092 1446 τῇ
1121 1362 1311 1444 φυγῇ
1340 1356 1691 1446 πρόχειρος
1722 1349 1826 1444 ἦν.

391 1452 639 1545 ἀνδρὸς
669 1453 734 1524 δ’
778 1463 1043 1545 ἔλεγχος
1073 1454 1225 1544 οὐχὶ
1251 1453 1387 1540 τόξ’
1425 1455 1769 1545 εὐψυχίας,

391 1554 540 1625 ἀλλ’
573 1553 647 1637 ὃς
674 1561 898 1646 μένων
927 1561 1158 1647 βλέπει
1186 1586 1259 1628 τε
1285 1557 1788 1649 κάντιδέρκεται

387 1657 588 1749 δορὸς
619 1676 890 1747 ταχεῖαν
919 1659 1126 1731 ἄλοκα
1155 1661 1343 1742 τάξιν
1372 1662 1689 1750 ἐμβεβώς.

388 1768 520 1847 ἔχει
551 1760 626 1830 δὲ
653 1760 907 1850 τούμὸν
933 1760 1059 1832 οὐκ
1089 1759 1463 1849 ἀναίδειαν,
1498 1765 1721 1852 γέρον,
2074 1779 2176 1836 165

385 1859 533 1931 ἀλλ’
570 1860 959 1952 εὐλάβειαν·
989 1863 1141 1934 οἴδα
1171 1863 1299 1955 γὰρ
1329 1863 1764 1934 κατακτανών

382 1968 692 2052 Κρέοντα
719 1970 975 2057 πατέρα
1000 1972 1202 2054 τῆσδε
1230 1970 1345 2036 καὶ
1370 1964 1671 2057 θρόνους
1703 1973 1893 2054 ἔχων.

383 2063 638 2139 οὔκουν
665 2072 1064 2159 τραφέντων
1091 2060 1308 2139 τῶνδε
1335 2067 1669 2159 τιμωροὺς
1697 2070 1844 2156 ἐμοὶ

156 2179 218 2239 2
379 2170 594 2259 χρῄζω
623 2170 942 2241 λιπέσθαι
970 2176 1108 2241 τῶν
1132 2172 1566 2261 δεδραμένων
1596 2177 1861 2261 [δίκην].
1946 2226 1995 2289 Α

141 2280 314 2342 ΑΜ.
373 2276 450 2343 τὸ
499 2278 624 2341 τοῦ
648 2271 820 2355 Διὸς
846 2272 972 2362 μὲν
997 2271 1170 2355 Ζεύς
1200 2269 1509 2361 ἀμυνέτω
1544 2275 1777 2360 [μέρει]
2070 2287 2172 2345 170

382 2374 655 2455 παιδός·
695 2374 772 2445 τὸ
803 2372 868 2445 δ’
905 2380 1000 2457 εἰς
1026 2371 1146 2464 ἔμ’,
1166 2370 1536 2466 Ἡράκλεις,
1576 2376 1723 2465 ἐμοὶ
1748 2377 1933 2463 μέλει

382 2474 641 2563 λόγοισι
666 2474 794 2564 τὴν
818 2474 1009 2547 τοῦδ’
1044 2474 1349 2566 ἀμαθίαν
1376 2472 1552 2566 ὑπὲρ
1580 2479 1789 2547 σέθεν

381 2580 590 2660 δεῖξαι
613 2600 628 2615 ·
673 2586 893 2659 κακῶς
923 2579 1050 2667 γάρ
1080 2575 1146 2648 σ’
1181 2577 1309 2648 οὐκ
1341 2580 1569 2648 ἐατέον
1596 2578 1853 2647 κλύειν.

382 2686 652 2770 πρῶτον
679 2682 805 2768 μὶ-ν
832 2672 959 2749 οὖν
993 2678 1283 2772 τᾶρρητ’,
1313 2683 1389 2750 ἐν
1418 2678 1767 2769 ἀρρήτοισι
1794 2680 1923 2767 γὰρ

385 2779 510 2869 τὴν
538 2784 668 2870 σὴν
693 2790 939 2871 νομίζω
975 2789 1269 2869 δειλίαν,
1289 2780 1665 2872 Ἡράκλεες,
2073 2796 2171 2853 175

382 2882 516 2953 σὺν
542 2884 878 2974 μάρτυσιν
910 2895 1100 2966 θεοῖς
1127 2890 1237 2954 δεῖ
1262 2881 1320 2973 μ’
1354 2881 1722 2967 ἀπαλλάξαι
1752 2886 1978 2953 σέθεν.

379 2984 548 3067 Διὸς
575 2985 915 3076 κεραυνὸν
945 2984 1011 3055 δ’
1044 2984 1308 3076 ἠρόμην
1334 2986 1676 3075 τέθριππά
1701 3013 1793 3074 τε,

339 3078 346 3083 “
379 3090 454 3157 έν
483 3083 582 3169 οἷς
610 3088 918 3179 βεβηκώς
946 3104 1118 3158 τοῖσι
1145 3097 1269 3177 γῆς
1296 3089 1710 3178 βλαστήμασι

390 3196 668 3279 Γίγασι,
699 3201 1018 3282 πλευροῖς
1047 3188 1232 3278 πτήν’
1266 3190 1636 3281 ἐναρμόσας
1663 3194 1848 3279 βέλη,

375 3290 496 3361 τὸν
524 3302 915 3364 καλλίνικον
939 3292 1105 3382 μετὰ
1132 3301 1321 3362 θεῶν
1349 3290 1647 3381 ἐκώμασε
1665 3315 1679 3329 ·
1708 3330 1719 3346 =
2069 3304 2170 3359 180

379 3398 810 3484 τετρασκελές
841 3392 918 3465 θ’
951 3394 1251 3484 ὕβρισμα
1281 3395 1692 3483 Κενταύρων
1721 3394 1935 3479 γένος,

380 3495 652 3587 Φολόην
680 3497 1025 3586 ἐπελθών,
1058 3488 1113 3566 ὦ
1140 3498 1411 3567 κάκιστε
1438 3498 1790 3585 βασιλέων,
