2492 3900
347 132 476 195 342
845 132 1262 192 ΗΡΑΚΛΗΣ
1296 132 1912 193 ΜΑΙΝΟΜΕΝΟΣ
1969 10 2448 178 τ

581 309 782 392 φίλας
811 297 1092 390 ἀμοιβὰς
1123 298 1412 388 ὄμμασιν
1439 301 1863 389 δεδορκότες;

581 403 710 494 ἐγώ
747 406 854 492 δέ,
883 411 1016 472 νῦν
1043 402 1170 491 γὰρ
1199 411 1314 489 τῆς
1344 407 1500 490 ἐμῆς
1530 409 1731 489 ἔργον
1756 404 1968 491 χερός,
2263 422 2375 478 565

583 515 852 598 πρῶτον
878 506 1002 594 μὲν
1031 505 1164 593 εἶμι
1189 507 1305 574 καὶ
1332 505 1735 586 κατασκάψω
1765 505 2015 593 δόμους

582 617 837 680 καινῶν
865 608 1255 697 τυράννων,
1294 614 1503 696 κρᾶτα
1532 605 1597 675 δ’
1632 605 1910 678 ἀνόσιον
1938 601 2160 696 τεμῶν

583 717 758 802 ῥίψω
789 717 1019 780 κυνῶν
1047 714 1330 797 ἕλκημα·
1360 715 1724 796 Καδμείων
1754 707 1819 779 δ’
1856 707 2061 792 ὅσους

580 812 827 893 κακοὺς
848 815 1147 902 ἐφηῦρον
1180 803 1261 882 εὖ
1288 811 1631 893 παθόντας
1661 815 1728 894 ἐξ
1756 816 1939 900 ἐμοῦ,

577 924 670 1009 τῷ
699 921 1063 1008 καλλινίκῳ
1090 912 1253 1008 τῷδ’
1287 911 1471 1007 ὅπλῳ
1499 913 1933 1005 χειρώσομαι·
2266 931 2375 987 570

578 1017 737 1100 τοὺς
766 1020 842 1088 δὲ
869 1033 1228 1107 πτερωτοῖς
1259 1023 1612 1104 διαφορῶν
1638 1017 1989 1105 τοξεύμασι

579 1128 843 1209 νεκρῶν
868 1115 1096 1191 ἅπαντ’
1124 1116 1427 1209 Ἰσμηνὸν
1454 1120 1767 1208 ἐμπλήσω
1796 1120 2036 1207 φόνου,

582 1231 839 1314 Δίρκης
869 1250 939 1292 τε
966 1229 1144 1308 νᾶμα
1171 1226 1421 1292 λευκὸν
1447 1222 1949 1310 αἱμαχθήσεται.

580 1333 671 1417 τῷ
702 1327 828 1416 γάρ
857 1323 914 1413 μ’
953 1323 1235 1413 ἀμύνειν
1266 1333 1520 1414 μᾶλλον
1545 1320 1591 1412 ἢ
1623 1325 1906 1414 δάμαρτι
1933 1322 2057 1414 χρὴ

580 1430 693 1496 καὶ
722 1429 912 1497 παισὶ
937 1429 1051 1496 καὶ
1045 1431 1382 1552 γέροντι,
1367 1459 1382 1473 ·
1419 1426 1794 1515 χαιρόντων
1822 1427 2016 1497 πόνοι
2034 1449 2047 1463 ·
2264 1445 2379 1501 575

579 1528 792 1618 μάτην
821 1557 949 1617 γαρ
979 1525 1225 1609 αὐτοὺς
1253 1534 1468 1598 τῶνδε
1495 1536 1750 1618 μᾶλλον
1784 1527 2021 1618 ἤνυσα.

579 1635 691 1700 καὶ
719 1637 829 1700 δεῖ
850 1628 907 1719 μ’
942 1628 1112 1720 ὑπὲρ
1142 1631 1371 1717 τῶνδ’,
1408 1642 1593 1721 εἴπερ
1626 1629 1757 1700 οἵδ’
1790 1629 1962 1721 ὑπὲρ
1990 1632 2263 1722 πατρός,

579 1734 909 1822 θνήσκειν
935 1731 1287 1821 ἀμύνοντ’
1332 1730 1377 1822 ἢ
1404 1741 1475 1803 τί
1499 1733 1804 1822 φήσομεν
1829 1733 2038 1803 καλὸν

579 1833 758 1929 ύδρα
785 1865 909 1925 μεν
937 1838 1167 1905 ἐλθεῖν
1201 1843 1295 1917 εἰς
1326 1837 1542 1925 μάχην
1570 1839 1799 1906 λέοντί
1819 1865 1889 1906 τε
2468 1893 2471 1932 X

579 1936 998 2030 Εὐρυσθέως
1027 1956 1391 2033 πομπατσι,
1428 1947 1565 2009 τῶν
1592 1936 1656 2008 δ’
1691 1943 1872 2028 ἐμῶν
1898 1942 2159 2010 τέκνων
2265 1957 2367 2011 580
2467 2002 2468 2032 ¹

583 2041 709 2111 οὐκ
739 2041 1085 2130 ἐκπονήσω
1115 2043 1451 2125 θάνατον;
1485 2039 1610 2111 οὐκ
1639 2038 1738 2130 ἄρ’
1762 2040 2091 2133 Ἡρακλῆς
2464 2064 2467 2133 ᾗ

581 2142 616 2213 ὁ
648 2152 1025 2226 καλλίνικος
1055 2141 1144 2226 ὡς
1173 2145 1463 2234 πάροιθε
1492 2147 1779 2233 λέξομαι.
2462 2160 2465 2235 (

354 2253 492 2315 ΧΟ.
574 2251 799 2315 δίκαια
827 2245 983 2325 τούς
1010 2244 1323 2327 τεκόντας
1356 2245 1647 2337 ὠφελεῖν
1670 2251 1870 2318 τέκνα

578 2351 829 2439 πατέρα
857 2376 927 2417 τε
960 2350 1261 2438 πρέσβυν
1289 2350 1411 2437 τήν
1439 2379 1509 2420 τε
1537 2348 1872 2420 κοινωνὸν
1898 2350 2152 2438 γάμων.

352 2458 510 2520 ΑΜ.
569 2449 735 2541 πρὸς
763 2458 887 2520 σοῦ
914 2454 1070 2540 μέν,
1110 2443 1162 2519 ῶ
1188 2468 1313 2521 παῖ
1322 2504 1341 2539 ,
1377 2469 1512 2535 τοῖς
1540 2461 1764 2540 φίλοις
1794 2452 1964 2523 εἶναι
1993 2460 2205 2542 φίλον
2268 2471 2365 2524 585

576 2554 658 2623 τά
683 2552 732 2623 τ’
765 2554 976 2645 ἐχθρὰ
1004 2570 1225 2643 μισεῖν
1243 2578 1257 2592 ·
1301 2552 1469 2625 ἀλλὰ
1498 2554 1587 2645 μὴ
1618 2561 1892 2645 ἐπείγου
1918 2564 2092 2625 λίαν.
2425 2552 2427 2559 ’

351 2664 486 2724 HP.
570 2664 641 2725 τί
659 2654 722 2725 δ’
757 2660 894 2726 ἐστὶ
923 2663 1136 2727 τῶνδε
1165 2666 1426 2729 θᾶσσον
1454 2654 1498 2746 ἢ
1524 2658 1776 2747 χρεῶν,
1813 2659 2053 2748 πάτερ;

350 2766 508 2826 ΑΜ.
574 2758 863 2839 πολλοὺς
890 2762 1194 2847 πένητας,
1225 2758 1502 2849 ὀλβίους
1529 2762 1604 2830 δὲ
1630 2768 1722 2856 τῷ
1753 2761 1930 2853 λόγῳ

575 2866 942 2941 δοκοῦντας
971 2861 1142 2930 εἶναι
1169 2865 1555 2952 συμμάχους
1581 2861 1745 2947 ἅναξ
1778 2872 1933 2953 ἔχει,

577 2970 648 3032 οἳ
667 2962 899 3033 στάσιν
927 2972 1185 3053 ἔθηκαν
1211 2969 1326 3035 καὶ
1355 2967 1686 3038 διῶλεσαν
1720 2967 1918 3037 πόλιν
2266 2982 2361 3036 590

576 3062 676 3152 ἐφ’
709 3063 1071 3156 ἁρπαγαῖσι
1101 3076 1239 3137 τῶν
1267 3072 1505 3157 πέλας,
1534 3068 1615 3139 τὰ
1645 3068 1710 3137 δ’
1746 3074 1821 3139 ἐν
1848 3068 2081 3157 δόμοις

578 3169 942 3239 δαπάναισι
970 3175 1242 3260 φροῦδα
1271 3168 1690 3261 διαφυγόνθ’
1724 3168 1833 3241 ὑπ’
1866 3168 2125 3260 άργίας.

581 3267 822 3360 ῶφθης
850 3272 1160 3343 ἐσελθών
1191 3270 1419 3344 πόλιν·
1478 3278 1622 3345 ἐπεὶ
1651 3272 1715 3343 δ’
1752 3271 2030 3362 ὤφθης,
2060 3269 2188 3363 ὅρα

577 3374 864 3465 ἐχθροὺς
891 3372 1217 3463 ἀθροίσας
1243 3375 1333 3464 μὴ
1361 3375 1541 3466 παρὰ
1568 3377 1845 3465 γνώμην
1873 3378 2099 3466 πέσῃς.

350 3480 486 3540 ΗΡ.
570 3480 752 3563 μέλει
780 3479 904 3566 μὲν
933 3473 1136 3547 οὐδὲν
1167 3488 1235 3547 εἴ
1254 3506 1336 3565 με
1367 3477 1526 3549 πᾶσ’
1562 3479 1743 3549 εἶδεν
1770 3479 1993 3560 πόλις·
2266 3494 2353 3550 595
2405 3544 2407 3551 .
