2492 3900
306 112 431 175 402

299 3031 438 3096 ΕΤ.

1110 114 1521 173 ΙΚΕΤΙΔΕΣ

539 276 921 367 ἐγεινάμεθ’
957 284 1033 348 αἰ
1055 286 1465 367 ταλαίπωροι

541 381 1006 460 κλεινοτάτους
1034 384 1107 449 ἐν
1127 376 1480 469 Ἀργείοις·

537 485 648 551 καὶ
675 488 808 551 νῦν
833 478 1034 563 ἅπαις
1061 477 1339 563 ἄτεκνος

537 584 852 672 γηράσκω
887 583 1412 670 δυστηνοτάτως,

541 683 686 755 οὔτ’
717 688 793 753 ἐν
827 686 1178 773 φθιμένοις

544 784 694 857 οὔτ’
724 788 799 854 έν
825 792 1028 868 ζῶσιν
1053 787 1440 875 κρινομένα,

539 888 741 975 χωρὶς
767 886 853 973 δή
882 913 1032 955 τινα
1059 882 1264 955 τῶνδ’
1298 891 1543 973 ἔχουσα
1566 900 1831 975 μοῖραν.

537 984 1067 1076 ὑπολελειμμένα
1092 1014 1203 1075 μοι
1233 988 1495 1076 δάκρυα
1510 1008 1527 1025 ·

538 1093 740 1178 μέλεα
765 1088 1004 1169 παιδὸς
1030 1092 1106 1158 έν
1133 1098 1345 1169 οἴκοις

540 1206 753 1261 κεῖται
780 1191 1086 1279 μνήματα
1100 1242 1119 1277 ,
1147 1190 1467 1277 πένθιμοι

535 1294 778 1383 κουραὶ
801 1294 914 1362 καὶ
941 1294 1262 1380 στέφανοι
1288 1290 1517 1378 κόμας,

538 1400 767 1482 λοιβαί
786 1421 860 1463 τε
886 1394 1155 1465 νεκύων
1183 1395 1541 1481 φθιμένων

535 1492 764 1564 ἀοιδαί
770 1545 789 1581 ,
819 1493 935 1576 τὰς
964 1494 1384 1583 χρυσοκόμας

530 1594 872 1666 Ἀπόλλων
899 1592 1026 1665 ούκ
1053 1597 1419 1683 ἐνδέχεται·

541 1698 798 1785 γόοισιν
826 1694 892 1767 δ’
929 1694 1399 1787 ὀρθρευομένα

536 1799 822 1887 δάκρυσι
847 1796 1128 1889 νοτερὸν
1153 1795 1261 1867 ἀεὶ
1286 1801 1559 1867 πέπλων

534 1900 702 1991 πρὸς
726 1902 982 1993 στέρνῳ
1010 1899 1224 1988 πτύχα
1249 1901 1476 1987 τέγξω.

535 2005 648 2072 καὶ
673 2001 810 2090 μὴν
837 2003 1144 2091 θαλάμας
1169 1997 1365 2072 τάσδ’
1396 2005 1609 2099 ἐσορῶ
1637 1999 1721 2089 δὴ

540 2106 910 2185 Καπανέως
935 2101 1066 2192 ἤδη
1094 2103 1352 2192 τύμβον
1375 2101 1457 2172 θ’
1488 2101 1674 2192 ἱερὸν

534 2205 899 2294 μελάθρων
925 2202 986 2274 τ’
1018 2204 1206 2287 ἐκτὸς

538 2307 806 2394 Θησέως
833 2302 1235 2394 ἀναθήματα
1264 2321 1551 2395 νεκροῖς,

536 2407 808 2496 κλεινήν
835 2402 898 2476 τ’
931 2404 1178 2496 ἄλοχον
1205 2415 1331 2504 τοῦ
1355 2412 1870 2498 καταφθιμένου

533 2516 735 2581 τοῦδε
765 2516 1076 2604 κεραυνῷ
1102 2511 1307 2591 πέλας
1332 2505 1675 2596 Εὐάδνην,

530 2609 616 2700 ἣν
635 2603 800 2700 Ἶφις
826 2607 990 2694 ἅναξ
1021 2617 1229 2681 παῖδα
1258 2610 1561 2700 φυτεύει.

535 2721 606 2782 τί
627 2710 775 2783 ποτ’
810 2719 1128 2801 αἰθερίαν
1155 2715 1387 2801 ἕστηκε
1413 2715 1687 2803 πέτραν,

535 2811 578 2902 ἢ
605 2821 821 2882 τῶνδε
850 2813 1081 2901 δόμων
1105 2810 1581 2904 ὑπερακρίζει,-

533 2911 722 3003 τήνδ’
756 2918 1166 3003 ἐμβαίνουσα
1193 2919 1562 2998 κέλευθον;

528 3026 597 3088 τί
619 3020 899 3107 φέγγος,
929 3013 1066 3087 τίν’
1095 3025 1339 3109 αἴγλαν

534 3125 854 3210 ἐδίφρευε
881 3115 1036 3190 τόθ’
1071 3115 1258 3201 ἅλιος

534 3222 784 3292 σελάνα
808 3251 880 3292 τε
906 3219 1056 3292 κατ’
1087 3225 1356 3310 αἰθέρα,

532 3321 828 3412 λαμπάδ’
866 3321 958 3393 ἵν’
994 3320 1305 3394 ὠκυθόαι
1330 3323 1591 3410 νύμφαι

859 3439 1066 3493 990-
1091 3437 1228 3492 1008
1254 3439 1511 3491 :1012
1531 3437 1775 3492 -1030

2236 404 2339 459 965

2238 908 2341 963 9⁷0

2234 1414 2335 1469 975
2447 1414 2453 1525 Ἰ

2224 2019 2327 2074 980

2045 3038 2187 3103 στρ.
2216 3030 2313 3086 990
