2492 3900
363 140 494 205 384

363 723 514 785 KH.

365 1130 514 1193 ΘΗ.

368 3464 513 3524 ΘΗ.

309 3873 1192 3894 Q
2426 3537 2459 3895 3

1167 136 1586 197 ΙΚΕΤΙΔΕΣ

594 316 700 378 ἔα·
729 306 952 394 λόγων
979 311 1078 384 τίς
1107 296 1421 392 ἐμποδῶν
1452 298 1560 371 ὅδ’
1590 309 1884 389 ἒρχεται;
2292 325 2376 379 395

597 414 932 496 Καδμεῖος
948 460 969 494 ,
999 404 1090 487 ῶς
1115 413 1337 475 ἔοικεν
1362 400 1447 473 οὖ
1474 401 1643 491 σάφ’
1678 404 1909 491 εἰδότι,

594 514 825 599 κῆρυξ.
899 514 1191 596 ἐπίσχες,
1221 504 1309 595 ἦν
1334 504 1404 577 σ’
1436 503 1783 595 ἀπαλλάξῃ
1808 508 2031 579 πόνου

591 611 820 701 μολῶν
851 608 1116 681 ὕπαντα
1144 623 1283 689 τοῖς
1310 611 1489 696 ἐμοῖς
1517 608 2000 696 βουλεύμασιν.

588 723 688 796 τίς
715 721 838 803 γῆς
863 712 1228 802 τύραννος,
1262 709 1430 800 πρὸς
1455 706 1587 778 τίν’
1626 707 1941 798 ἀγγεῖλαί
1964 740 2049 800 με
2076 715 2205 802 χρὴ

589 817 834 903 λόγους
861 816 1227 904 Κρέοντος,
1258 808 1334 893 ὃς
1360 826 1596 902 κρατεῖ
1615 812 1897 900 Κάδμου
1924 816 2203 902 χθονός,
2282 834 2375 886 400

584 916 1000 997 Ἐτεοκλέους
1024 914 1359 995 θανόντος
1388 910 1559 1002 ἀμφ’
1597 914 2051 1003 ἑπταστόμους

594 1019 807 1101 πύλας
837 1013 1142 1105 ἀδελφοῦ
1167 1018 1343 1104 χειρὶ
1370 1022 1832 1097 Πολυνείκους
1858 1014 2029 1100 ὕπο;

600 1128 872 1210 πρῶτον
897 1120 1024 1208 μὲν
1053 1115 1234 1207 ἤρξω
1261 1124 1387 1216 τοῦ
1414 1117 1623 1205 λόγου
1651 1124 1956 1205 ψευδῶς,
1986 1123 2157 1208 ξένε,

595 1230 809 1312 ζητῶν
835 1221 1174 1310 τύραννον
1201 1216 1440 1289 ἐνθάδ’
1462 1242 1476 1256 ·
1506 1216 1591 1288 ού
1618 1218 1747 1308 γὰρ
1776 1216 2045 1310 ἄρχεται

593 1323 744 1405 ἑνὸς
771 1322 939 1412 πρὸς
966 1320 1245 1412 ἀνδρός,
1277 1317 1425 1391 ἀλλ’
1458 1324 1789 1409 ἐλευθέρα
1815 1322 2025 1403 πόλις.
2277 1344 2371 1396 405

595 1432 805 1513 δῆμος
831 1422 898 1494 δ’
933 1422 1207 1494 ἀνάσσει
1238 1429 1657 1510 διαδοχαῖσιν
1684 1426 1760 1493 ἐν
1786 1426 1975 1513 μέρει

594 1530 1076 1612 ἐνιαυσίαισιν,
1109 1522 1263 1612 οὐχὶ
1289 1532 1382 1618 τῷ
1414 1525 1684 1617 πλούτῳ
1714 1524 1951 1608 διδοὺς

595 1627 669 1698 τὸ
701 1637 1046 1715 πλεῖστον,
1076 1623 1245 1696 ἀλλά
1272 1625 1367 1715 χῶ
1395 1628 1601 1716 πένης
1628 1634 1800 1715 ἔχων
1829 1637 1999 1698 ἴσον.

591 1736 669 1801 ἓν
693 1731 818 1819 μὲν
845 1728 987 1800 τόδ’
1022 1726 1185 1819 ἡμῖν
1213 1724 1440 1819 ῶσπερ
1470 1732 1545 1800 ἐν
1576 1744 1846 1811 πεσσοῖς
1872 1736 2079 1813 δίδως

593 1848 906 1924 κρεῖσσον
927 1854 942 1869 ·
972 1832 1164 1912 πόλις
1191 1830 1321 1922 γὰρ
1350 1822 1429 1920 ἧς
1457 1830 1587 1920 ἐγώ
1620 1827 1887 1921 πάρειμ’
1923 1830 2053 1902 ἄπο
2285 1850 2375 1903 410

597 1934 748 2018 ἑνὸς
774 1934 940 2025 πρὸς
969 1931 1252 2023 ἀνδρός,
1280 1929 1408 2005 οὐκ
1437 1931 1613 2026 ὄχλῳ
1638 1932 2070 2024 κρατύνεται·

590 2036 745 2109 οὐδ’
782 2045 963 2109 ἔστιν
990 2034 1202 2124 αὐτὴν
1231 2033 1412 2118 ὅστις
1439 2040 1789 2124 ἐκχαυνῶν
1815 2037 2039 2125 λόγοις
2467 2099 2468 2106 ,

600 2139 766 2229 πρὸς
795 2143 1030 2230 κέρδος
1058 2145 1236 2209 ἴδιον
1269 2134 1493 2208 ἄλλοτ’
1533 2139 1773 2209 ἄλλοσε
1808 2141 2099 2228 στρέφει·
2466 2107 2469 2260 3

595 2238 632 2310 ὁ
663 2238 728 2309 δ’
761 2238 979 2328 αὐτίχ’
1012 2238 1180 2329 ἡδὺς
1209 2243 1323 2310 καὶ
1349 2238 1581 2320 διδοὺς
1610 2239 1865 2328 πολλὴν
1890 2240 2109 2330 χάριν,

597 2347 906 2422 εἰσαῦθις
934 2339 1197 2429 ἔβλαψ’,
1230 2342 1369 2412 εἶτα
1397 2348 1738 2429 διαβολαῖς
1766 2345 1949 2423 νέαις
1982 2351 1991 2358 ”
2284 2359 2378 2432 415
2464 2345 2466 2398 3

595 2446 844 2525 κλέψας
871 2442 952 2513 τὰ
979 2443 1242 2533 πρόσθε
1270 2440 1609 2534 σφάλματ’
1643 2446 1833 2527 ἐξέδυ
1862 2449 2073 2530 δίκης.

598 2543 813 2628 ἄλλως
846 2574 919 2616 τε
945 2553 1086 2628 πῶς
1115 2541 1200 2616 ἂν
1230 2545 1321 2634 μὴ
1351 2544 1739 2637 διορθεύων
1773 2546 2016 2634 λόγους

599 2646 827 2739 ὀρθῶς
858 2645 1120 2719 δύναιτ’
1156 2643 1241 2717 ἂν
1272 2654 1481 2737 δῆμος
1511 2646 1839 2718 εὐθύνειν
1867 2647 2103 2732 πόλιν;

596 2748 633 2821 ὁ
662 2749 790 2840 γὰρ
817 2750 1052 2839 χρόνος
1079 2750 1380 2839 μάθησιν
1408 2748 1559 2821 ἀντὶ
1586 2757 1708 2820 τοῦ
1738 2749 1977 2838 τάχους

598 2859 884 2940 κρείσσω
921 2857 1181 2922 δίδωσι.
1247 2853 1541 2942 γαπόνος
1570 2850 1633 2923 δ’
1668 2849 1840 2940 ἀνὴρ
1868 2854 2074 2940 πένης
2287 2868 2382 2920 420
2456 2921 2462 2940 ⁴

600 2960 664 3023 εἰ
685 2955 797 3023 καὶ
825 2955 1086 3041 γένοιτο
1114 2952 1204 3044 μὴ
1235 2951 1533 3044 ἀμαθής,
1564 2961 1784 3043 ἔργων
1811 2949 1948 3024 ὕπο
2460 2957 2462 2974 ’

597 3052 724 3125 ούκ
753 3052 837 3126 ἂν
870 3054 1148 3126 δύναιτο
1176 3056 1345 3146 πρὸς
1371 3055 1450 3127 τὰ
1477 3055 1657 3127 κοίν’
1692 3053 2119 3144 ἀποβλέπειν.

593 3149 640 3245 ἦ
667 3156 752 3246 δὴ
779 3165 1075 3240 νοσῶδες
1107 3165 1473 3245 τοῦτοτοῖς
1499 3157 1869 3248 ἀμείνοσιν,

597 3256 762 3328 ὅταν
785 3260 1081 3346 πονηρὸς
1108 3257 1344 3347 ἀξίωμ’
1380 3257 1553 3350 ἀνὴρ
1580 3267 1696 3350 ἔχῃ
2455 3235 2460 3328 3

595 3359 862 3449 γλώσσῃ
888 3357 1238 3445 κατασχῶν
1266 3366 1514 3449 δῆμον,
1543 3358 1749 3429 οὐδὲν
1777 3356 1877 3430 ῶν
1909 3361 1981 3430 τὸ
2010 3368 2195 3450 πρίν.
2282 3374 2379 3426 425

591 3458 842 3545 κομψός
867 3455 931 3546 γ’
969 3455 1004 3526 ὁ
1031 3463 1242 3548 κῆρυξ
1270 3463 1383 3528 καὶ
1414 3460 1831 3551 παρεργάτης
1859 3462 2105 3549 λόγων.
