2492 3900
329 154 482 212 XXX
894 153 999 208 DE
1033 153 1400 208 EVRIPIDIS
1433 152 1741 207 lxm-:mo

326 310 501 371 facile
565 304 871 386 intelleget
923 310 1028 387 qui
1093 304 1363 368 vocabuli
1425 298 1610 382 σοφός
1677 323 1847 368 usum
1915 305 2312 388 Euripideum

328 389 761 471 attenderit⁵¹).
849 391 1260 472 philosophiae
1305 398 1424 452 tam
1469 391 1770 452 studiosus
1813 389 2128 470 Euripides
2169 393 2310 464 fuit,

330 487 394 540 ut
436 479 611 538 etiam
654 474 829 555 vulgo
872 475 1199 556 sapientiae
1243 474 1415 556 adyta
1447 481 1762 554 temptaret
1801 476 2134 538 recludere.
2197 479 2314 538 de-

328 562 449 625 dita
519 563 699 639 igitur
762 577 946 640 opera
1012 558 1356 622 sublimium
1420 575 1625 620 rerum
1687 559 2177 639 disceptationem
2243 564 2314 622 in

328 661 539 707 scaena
582 647 837 706 instituit
880 653 940 708 et
982 642 1490 725 philosophemata
1521 643 1812 721 quaedam
1855 644 2180 706 identidem
2213 649 2310 706 ci-

329 729 500 792 vibus
552 731 882 810 proposuit.
968 746 1122 809 quae
1164 745 1284 808 quo
1341 727 1565 788 facilius
1609 729 1668 788 in
1722 735 2130 807 spectatorum
2175 731 2310 790 ani-

328 830 455 876 mos
496 833 563 875 se
604 816 995 881 insinuarent,
1038 814 1115 873 iis
1154 813 1528 892 potissimum
1557 813 1834 891 personis
1876 812 2098 876 tributa
2141 815 2312 874 vide-

327 917 488 966 mus,
545 915 693 977 quas
737 897 891 960 ultra
936 895 1144 976 vulgus
1186 913 1398 976 sapere
1453 911 1573 956 non
1617 903 1774 956 esset
1814 895 2138 974 probabile.
2229 899 2312 959 ab

327 985 458 1044 istis
501 982 732 1043 arcanis
775 997 895 1043 non
938 983 1158 1044 mirum
1191 980 1551 1058 aliquamdiu
1595 979 2042 1042 Atheniensium
2071 982 2310 1044 animos

326 1081 563 1128 aversos
607 1065 825 1128 fuisse:
880 1065 985 1127 sed
1030 1074 1097 1127 ut
1136 1066 1237 1128 alii
1291 1072 1502 1144 poetae
1555 1066 1637 1125 ita
1683 1063 1998 1143 Euripides
2051 1065 2310 1144 popula·-

327 1151 483 1212 rium
526 1149 851 1230 παιδευτής
893 1150 1030 1220 fuit,
1076 1167 1147 1211 ac
1201 1147 1360 1210 hello
1404 1148 1904 1228 Peloponnesiaco
1961 1149 2313 1212 felicissima

325 1237 551 1296 Atticae
592 1235 788 1312 gentis
830 1234 1061 1296 indoles
1092 1251 1161 1296 eo
1206 1240 1576 1314 pervenerat,
1622 1240 1686 1294 ut
1727 1249 1804 1292 ne
1847 1231 2020 1311 vulgo
2063 1233 2314 1313 quidem

326 1320 387 1379 in
452 1335 655 1378 rerum
722 1318 1051 1380 divinarum
1116 1325 1177 1378 et
1240 1315 1635 1380 humanarum
1701 1317 1949 1378 scientia
2021 1326 2312 1396 negatum

326 1399 646 1481 quidquam
704 1402 1021 1464 videretur.
1104 1401 1247 1463 hinc
1305 1401 1525 1462 factum
1581 1409 1670 1462 est
1727 1407 1793 1461 ut
1846 1402 2072 1463 sensim
2123 1403 2313 1464 Athe-

326 1487 568 1547 nienses
620 1481 905 1549 libentius
960 1488 1018 1548 ei
1073 1493 1284 1566 poetae
1340 1485 1770 1554 auscultarent,
1827 1486 1930 1562 qui
1985 1483 2318 1566 tralaticias

325 1570 637 1648 opiniones
681 1570 1057 1650 impugnaret
1100 1578 1160 1631 et
1201 1568 1450 1630 meliora
1496 1570 1654 1648 ipsos
1697 1567 1914 1630 docere
1960 1579 2308 1632 conaretur.

326 1651 645 1732 Euripides
688 1663 757 1718 ut
798 1662 929 1716 erat
968 1670 1201 1716 morum
1244 1655 1560 1716 severitate
1605 1653 1852 1730 insignis
1885 1661 1944 1714 et
1987 1652 2310 1717 humilium

327 1737 540 1798 artium
586 1745 989 1817 contemptor,
1037 1756 1155 1798 non
1201 1739 1466 1806 nutrire,
1519 1737 1624 1798 sed
1669 1753 1882 1798 sanare
1937 1737 2163 1800 saeculi
2207 1744 2312 1802 sui

325 1823 461 1882 vitia
506 1821 753 1883 studuit.
838 1823 1039 1901 itaque
1082 1827 1147 1882 ut
1199 1823 1262 1881 in
1306 1821 1648 1882 domesticis
1691 1827 1754 1882 ei.
1795 1818 2065 1882 civilibus
2119 1822 2312 1884 rebus

323 1907 769 1987 perversitatem
826 1903 986 1986 vulgi
1041 1913 1384 1967 constanter
1447 1904 1839 1985 impugnavit,
1909 1906 1994 1967 ita
2049 1905 2126 1967 de
2186 1901 2362 1969 diis'

324 1990 695 2071 vulgaribus,
756 1991 831 2052 de
872 2008 1101 2053 summo
1148 1992 1420 2057 numine.
1480 1988 1554 2051 de
1595 1992 1792 2051 anima
1847 1989 2107 2051 humana
2151 2011 2312 2071 quae

323 2075 415 2135 vel
461 2094 493 2133 e
537 2074 1025 2155 philosophorum
1080 2074 1249 2135 libris
1291 2074 1588 2136 hausisset
1631 2072 1722 2133 vel
1777 2064 2120 2136 meditando
2177 2078 2314 2154 ipse

324 2160 735 2235 excogitasset,
782 2158 1224 2219 communicare
1267 2175 1405 2219 cum
1449 2156 1676 2219 civibus
1722 2158 2044 2236 temptavit.
2104 2175 2314 2240 neque

322 2241 610 2304 indociles
653 2240 860 2303 habuit
902 2241 1233 2302 auditores:
1281 2244 1384 2319 qui
1415 2249 1480 2303 ut
1507 2259 1712 2303 rerum
1758 2244 2015 2304 novitate
2045 2245 2312 2305 maxime

323 2324 681 2388 tenebantur
726 2332 785 2386 et
823 2325 941 2387 insi
988 2328 1051 2387 ni
1095 2326 1318 2404 ingenii
1343 2324 1644 2387 celeritate
1689 2325 1952 2386 inaudita
1997 2327 2314 2407 quaelihet

319 2408 711 2488 arripiebant,
765 2410 849 2470 ita
906 2428 938 2472 a
1028 2427 1132 2471 res
1195 2409 1482 2471 coelestes
1549 2426 1859 2487 assurgere
1920 2428 2060 2474 cum
2125 2421 2309 2493 poeta

320 2493 478 2555 haud
522 2496 747 2575 gravati
773 2501 932 2557 sunt.
996 2501 1262 2556 ceterum
1291 2495 1354 2554 in
1384 2511 1616 2555 stimmo
1647 2492 2060 2572 philosophiae
2104 2496 2314 2557 studio

318 2585 492 2659 poeta
538 2581 728 2657 magis
770 2579 883 2641 ruit
926 2578 1243 2661 Euripides
1288 2592 1463 2659 quam
1509 2576 1918 2657 philosophus.
2005 2577 2104 2639 vet
2149 2578 2312 2641 hanc

319 2660 397 2723 oh
444 2681 682 2725 causam
727 2665 967 2727 irritum
1010 2665 1193 2725 ruerit
1244 2662 1572 2741 perfectam
1619 2669 1678 2722 et
1723 2670 2201 2725 consummatam
2246 2665 2312 2725 in

320 2748 452 2807 eius
506 2746 827 2824 tragoediis
884 2762 1174 2825 quaerere
1228 2744 1698 2827 philosophiam,
1759 2764 1876 2825 qua
1919 2746 1996 2807 ad
2052 2748 2310 2809 eandem

455 2911 547 2978 51)
585 2912 777 2963 Pauca
812 2912 1129 2978 speciminis
1164 2913 1284 2965 loco
1319 2914 1565 2965 afferam.
1622 2913 1827 2979 Bacch.
1851 2914 1978 2966 480:
2018 2906 2182 2979 δόξει
2219 2932 2314 2975 τις

321 2972 556 3054 cinctave?
582 2972 736 3044 σοφοὶ
770 2974 955 3046 ’λέγων
989 2971 1095 3031 οὐκ
1132 2968 1195 3033 εὖ
1232 2985 1490 3046 φρονεῖν.
1559 2980 1704 3032 Med.
1741 2982 1868 3033 29⁴8:
1905 2986 2159 3033 σκαιοῖσι
2193 2978 2314 3049 μὲν

309 3062 430 3111 ,γαρ
468 3038 643 3097 καινὰ
686 3041 1027 3112 προσφέρων
1062 3041 1213 3112 σοφὰ
1257 3042 1449 3112 δόξεις
1486 3040 1720 3113 ἀχρεῖος
1753 3040 1860 3099 κοῦ
1895 3041 2078 3111 σοφὸς
2104 3064 2308 3115 >arsum-

318 3110 503 3163 κέναι.
578 3112 662 3164 El.
700 3115 824 3165 296:
858 3112 973 3165 ’καὶ
1018 3106 1130 3183 γὰρ
1167 3107 1304 3167 οὐδ’
1339 3109 1592 3182 ἀζήμιον
1633 3110 1867 3181 γνώμην
1911 3108 2134 3168 ἐνεῖναι
2181 3121 2316 3175 τοῖς

319 3182 527 3245 σοφοῖς
564 3179 699 3231 λίαν
734 3173 943 3247 σοφήν.
1016 3181 1221 3233 Phoen.
1245 3184 1375 3235 394:
1416 3176 1636 3265 λυπρὸν
1670 3186 2030 3247 συνασοφεῖν
2065 3187 2189 3249 τεοῖς
2225 3178 2312 3251 μὴ,

317 3248 545 3311 σοφοῖς.
614 3246 744 3298 Hel.
780 3250 908 3327 5332
946 3239 1112 3333 λόχος
1141 3245 1256 3316 ’γάρ
1291 3243 1448 3303 ἔστιν
1483 3266 1589 3301 ουκ
1627 3242 1777 3317 ἐμός,
1813 3247 2012 3315 σοφῶν
2050 3242 2109 3301 δ’
2151 3246 2316 3311 ἔπος.

320 3314 383 3365 fr.
399 3315 526 3365 585:
554 3316 938 3381 στρατηλαται
956 3334 1065 3367 ταν
1126 3316 1277 3381 velot
1297 3317 1614 3383 γενοίμεθα
1635 3316 2310 3383 (γενοίατο-Μείηοὲίιιε),

319 3374 498 3445 σοφὸς
544 3373 605 3432 δ’
642 3372 717 3433 ἂν
755 3376 837 3443 εἷς
874 3400 959 3441 τις
994 3373 1029 3449 ἢ
1111 3376 1169 3435 ύ’
1207 3377 1270 3435 ἐν
1313 3383 1514 3453 μακρῷ
1561 3379 1759 3453 χρόνῳ.
1833 3385 1900 3434 fr.
1939 3388 2067 3437 894:
2116 3379 2314 3449 σοφὸν

316 3441 425 3531 γὰρ
462 3442 675 3569 ἄνδιρῖ,
710 3440 823 3503 κᾶν
860 3441 997 3510 ἕκάς
1022 3449 1161 3517 ναίῃ
1196 3444 1432 3518 χθονός,
1470 3442 1582 3504 κᾶν
1617 3443 1831 3519 μήποτ’
1857 3442 2048 3512 ὄσσοις
2087 3450 2316 3516 εἰσίδω,

317 3532 493 3581 actvm
530 3533 573 3582 φ
641 3532 725 3569 ον.
