2492 3900
279 184 401 251 134
1126 186 1459 245 BAKXAI

511 345 890 451 ἡγούμενος
917 346 1297 451 λόγχαισιν
1341 342 1503 412 οὐδὲ
1535 344 1876 451 παύσομαι
2162 364 2317 421 1360

514 438 744 499 κακῶν
765 426 804 497 6
834 428 1138 535 τλήμων,
1167 425 1333 497 οὐδὲ
1354 428 1476 496 τὸν
1500 430 1910 533 καταιβάτην

506 515 862 623 Ἀχέροντα
885 512 1180 593 πλεύσας
1199 511 1449 599 ἥσυχος
1471 513 1861 620 γενήσομαι.

277 606 417 669 ΛΓ.
508 627 561 669 ω
586 624 794 707 πατερ
810 650 830 685 ,
857 597 986 701 έγῴ
1014 597 1088 665 δὲ
1114 604 1242 666 σοῦ
1276 611 1583 704 στερεῖσα
1596 600 1956 703 φεύξομαι.

279 692 428 752 ΚΑ.
514 690 584 752 τί
609 683 671 771 μ’
700 682 1144 793 αμφιβάλλεις
1167 688 1429 787 χερσίν,
1456 709 1508 749 ω
1533 682 1815 751 τάλαινα
1844 696 1984 768 παῖ,

509 768 723 874 ὄρνιν
723 768 905 847 ὅπως
931 772 1203 853 κηφῆνα
1229 733 1607 853 πολιοχρων
1627 768 1911 847 κύκνους
2160 784 2308 839 1365

277 859 416 920 ΛΓ.
508 866 628 921 ποτ
643 878 774 963 γαρ
792 851 1144 938 τράπωμαι
1165 855 1485 957 πατρίδος
1502 852 1987 938 ἐκβεβλημένη;

281 944 428 1003 KA.
503 935 633 1005 ούκ
654 934 840 1044 οἶδα,
863 937 1134 1003 τέκνον·
1183 934 1420 1040 μικρὸς
1444 936 1802 1041 ἐπίκουρος
1828 934 2063 1019 πατήρ.

287 1027 419 1089 ΑΓ.
507 1017 673 1124 χαῖρ’
679 1071 699 1106 ,
721 1047 773 1088 ω
820 987 1172 1123 έλαθρον,
1197 1015 1389 1105 χαῖρ’,
1414 1044 1467 1085 ω
1496 1024 1736 1104 πατρία

511 1103 734 1183 πόλις·
813 1108 1060 1173 κλείπω
1086 1100 1140 1170 σ’
1169 1104 1277 1171 ἐπὶ
1302 1106 1627 1192 δυστυχία

513 1187 738 1275 φυγὰς
758 1190 833 1255 ἐκ
853 1185 1229 1293 θαλάμων.
2156 1198 2309 1256 1370

284 1280 427 1340 KA.
506 1276 723 1359 στεῖχέ
737 1298 892 1360 νυν,
917 1298 969 1339 ω
995 1284 1134 1359 παῖ,
1162 1269 1283 1338 τὸν
1306 1267 1684 1356 Ἀρισταίου

515 1492 547 1531 *
717 1496 750 1531 *
923 1493 955 1530 *
1127 1494 1157 1530 *
1333 1496 1364 1528 *
1536 1497 1567 1529 *
1738 1492 1773 1532 *
1943 1492 1975 1529 *

285 1632 447 1706 [ΑΓ.
509 1625 830 1731 στέρομαί
848 1642 956 1728 σε,
981 1626 1207 1707 πάτερ.
1300 1634 1445 1693 ΚΑ.
1506 1623 1689 1710 κάγώ
1717 1625 1812 1711 σέ,
1836 1625 2097 1709 τέκνον,

507 1711 620 1777 καὶ
640 1727 762 1789 σας
783 1709 1124 1816 ἐδάκρυσα
1145 1711 1570 1795 κασιγνήτας.

283 1799 418 1862 ΑΓ.
509 1798 748 1873 δεινῶς
770 1793 918 1899 γὰρ
929 1789 1124 1860 τανδ’
1155 1798 1377 1860 αἰκίαν

507 1878 851 1958 Διόνυσος
872 1874 1038 1959 αναξ
2151 1886 2293 1942 1375

514 1988 674 2043 τους
702 1961 867 2042 σούς
890 1968 983 2042 εἰς
1005 1971 1235 2044 οἴκους
1259 1968 1520 2070 ἔφερεν.

280 2055 404 2116 ΔΙ.
514 2049 623 2114 καὶ
621 2046 773 2156 γὰρ
802 2053 1093 2153 ἔπασχον
1117 2048 1306 2116 δεινὰ
1333 2044 1501 2150 πρὸς
1523 2043 1737 2133 ὑμῶν,

512 2130 846 2233 αγέρατον
865 2128 1047 2216 ὄνομ’
1075 2135 1246 2217 ἔχων
1267 2135 1343 2198 ἐν
1366 2130 1638 2239 Θήβαις.

284 2220 421 2282 ΑΓ.
510 2228 729 2320 χαῖρε,
755 2239 964 2295 πατερ
1022 2240 1156 2300 μοι.
1243 2223 1392 2284 KA.
1439 2213 1603 2326 χαῖρ’
1610 2267 1661 2320 ,
1653 2241 1704 2281 ω
1689 2207 1929 2300 ’μελέα

511 2300 835 2404 θύγατερ.
880 2304 1182 2382 χαλεπως
1215 2305 1308 2378 εἰς
1329 2301 1451 2368 τόδ
1506 2326 1593 2367 αν
1617 2295 1825 2385 ἥκοις.
2152 2307 2295 2364 1380

285 2389 420 2451 ΑΓ.
510 2379 682 2466 αγετ’
711 2407 763 2448 ω
790 2387 1047 2486 πομποί
1066 2408 1166 2467 με,
1191 2385 1595 2492 κασιγνήτας

506 2470 622 2534 ἵνα
642 2465 1012 2571 συμφυγαδ
1014 2491 1091 2546 ας
1115 2466 1439 2555 ληψόμεθ’
1471 2469 1759 2556 οἰκτράς.

510 2556 776 2636 ἔλθοιμι
801 2547 865 2617 δ’
895 2547 1070 2618 ὅπου

510 2660 675 2742 μητε
693 2632 1072 2744 Κιθαιρών
1077 2635 1317 2743 μιαρός
1342 2636 1423 2724 [μ’
1464 2639 1697 2717 ἐσίδοι]

510 2747 674 2826 μητε
698 2717 1072 2826 Κιθαιρῶν’
1099 2718 1407 2789 ὅσσοισιν
1432 2721 1585 2826 ἐγώ,
2149 2729 2293 2786 1385

511 2802 669 2908 μήθ’
699 2802 818 2871 ὅθι
848 2805 1122 2909 θύρσου
1148 2802 1345 2889 μνῆμ’
1374 2802 1744 2874 ἀνάκειται·

509 2888 799 2972 Βακχαις
821 2883 886 2952 δ’
913 2885 1178 2954 αλλαισι
1200 2891 1485 2973 μέλοιεν.

285 2977 422 3039 ΧΟ.
509 2972 747 3039 πολλαὶ
769 2973 1024 3078 μορφαὶ
1046 2977 1184 3038 τῶν
1209 2976 1598 3059 δαιμονίων,

509 3051 725 3123 πολλα
754 3051 818 3120 δ’
846 3054 1144 3162 ἀέλπτως
1167 3063 1523 3163 κραίνουσι
1544 3063 1726 3128 θεοί·

511 3143 622 3206 καὶ
650 3137 731 3204 τὰ
759 3135 1107 3244 δοκηθέντ’
1138 3137 1267 3207 οὐκ
1292 3143 1629 3250 ἐτελέσθη,
2154 3150 2299 3206 1390

507 3229 644 3290 τῶν
669 3220 734 3288 δ’
748 3219 1113 3332 αδοκήτων
1131 3223 1349 3311 πόρον
1369 3252 1536 3312 ηυρε
1562 3225 1748 3305 θεός,

509 3302 764 3373 τοιόνδ’
790 3303 1004 3394 ἀπέβη
1036 3309 1192 3376 τόδε
1216 3314 1535 3397 πρᾶγμα.]

1103 3579 1310 3590 -v—-n—
1317 3580 1465 3591 -an--n
