2492 3900
310 149 477 200 XLVI
564 147 665 197 DE
701 141 1093 198 CODICIBVS
1126 145 1550 198 EVRIPIDEIS
1586 147 1682 196 ΕΤ
1716 145 2198 199 EDITIONIBVS

318 299 602 357 titerunt:
651 295 807 374 apud
839 295 1059 376 Anglos
1102 299 1332 357 recenti
1375 299 1654 357 memoria
1687 297 1928 358 Carolus
1959 297 2302 360 Badhamus

322 380 465 458 (lpb.
502 379 568 439 T.
618 379 745 440 Hel.
792 381 915 440 lon.
953 380 1136 457 1851)
1183 382 1624 458 sagacissimum
1670 398 1733 440 se
1779 383 2050 443 criticum
2097 391 2298 444 osten-

319 464 421 524 dit.
484 462 641 542 quod
674 481 810 524 vero
854 465 1264 542 gravissimum
1311 472 1454 533 erat,
1501 473 1567 524 ut
1599 465 1955 542 optimorum
1999 464 2298 528 librorum

318 545 578 607 subsidia
624 551 1110 628 aliquit-crentur,
1168 551 1225 610 ei
1270 552 1360 608 rei
1403 549 1543 610 satis
1596 548 1739 610 fecit
1779 550 1846 609 Α.
1892 547 2304 612 Kircbhosfius

322 627 395 708 (a.
446 631 661 708 1855).
709 634 809 711 qui
852 630 1122 692 codicum
1169 640 1506 692 nostrorum
1551 635 1903 694 auctoritate
1945 637 2011 694 in
2053 636 2302 695 univer·

318 732 446 775 sum
491 724 654 776 recte
707 717 999 795 pensitata
1040 716 1114 775 iis
1158 718 1259 794 qui
1303 715 1650 794 Euripideas
1700 716 1928 778 fabulas
1973 717 2301 778 emendare

318 803 679 859 conarentur
742 801 956 858 muniit
1024 801 1176 860 viam
1240 809 1300 859 et
1353 800 1718 861 monstravit.
1808 801 1980 861 huius
2047 801 2302 861 editioni

321 900 513 943 meam
559 900 799 961 operam
847 883 984 943 duxi
1029 883 1587 944 accommodandam
1633 885 1894 945 rationes
1935 891 2149 945 tenens
2193 903 2302 946 eas

321 984 469 1045 quas
520 968 582 1026 in
626 964 808 1028 altera
866 966 1123 1028 editione
1168 987 1219 1028 a.
1273 970 1431 1029 1857
1488 968 1820 1047 sequendas
1874 966 2019 1028 mihi
2074 986 2301 1047 propo—

321 1067 573 1117 sueram,
618 1057 685 1110 ut
712 1053 1010 1112 annotatio
1042 1051 1243 1112 critica
1277 1053 1514 1129 utrique
1544 1049 1823 1112 volumini
1852 1070 1884 1112 a
1915 1052 2086 1112 nobis
2116 1070 2299 1131 prae-

321 1137 499 1194 missa
532 1133 959 1195 Kirchhoffiani
1003 1143 1320 1213 apparatus
1363 1133 1840 1214 supplementum
1886 1153 2013 1196 esse
2056 1135 2298 1197 vellem.

322 1220 447 1295 ipse
491 1235 641 1296 quae
696 1219 896 1279 invitis
948 1217 1116 1279 libris
1158 1235 1469 1280 novassem
1524 1220 1810 1299 pleraque
1853 1220 2050 1280 omnia
2091 1223 2302 1298 putavi

323 1301 838 1361 commemoranda
854 1297 947 1378 ⁹⁶).
1011 1302 1231 1363 alienas
1262 1301 1700 1364 emendationes
1730 1320 1850 1363 non
1881 1303 2134 1364 indicavi
2181 1305 2304 1366 nisi

322 1403 466 1463 quas
510 1403 543 1444 a
585 1383 950 1445 Kirchhoifio
995 1386 1243 1447 omissas
1298 1393 1400 1446 aut
1442 1389 1670 1447 auctori
1715 1405 1833 1447 non
1890 1403 1996 1447 suo
2039 1387 2306 1448 tributas

320 1467 617 1528 vidissem.
710 1468 1023 1544 aliquoties
1066 1476 1263 1530 tamen
1306 1470 1440 1530 ideo
1485 1469 1775 1531 librorum
1819 1471 2146 1549 scripturas
2190 1489 2303 1550 ap·

320 1553 522 1631 posui,
570 1550 725 1631 quod
772 1560 1011 1633 recepta
1056 1552 1233 1614 lectio
1288 1556 1515 1614 incerta
1558 1555 1859 1615 videretur
1905 1562 1965 1616 et
2007 1557 2131 1616 veri
2177 1551 2307 1615 dis-

224 1649 239 1658 “
320 1633 546 1696 similis
636 1638 777 1696 item
821 1635 975 1697 haud
1030 1654 1252 1715 paucas
1297 1637 1492 1698 addidi
1547 1640 1916 1718 suspiciones
1959 1647 2084 1699 tum
2129 1657 2308 1700 meas

323 1727 449 1780 tum
496 1718 744 1788 alienaS,
802 1738 948 1796 quas
990 1722 1261 1798 recipere
1317 1739 1437 1782 non
1483 1739 1660 1782 ausus
1717 1740 1906 1782 essem
1950 1720 2040 1783 vel
2086 1722 2304 1801 proili-

322 1811 458 1881 gato
503 1819 693 1881 paene
734 1802 940 1865 labore
984 1805 1254 1884 recipere
1299 1822 1415 1865 non
1459 1808 1798 1885 potuissem.
1887 1805 2145 1883 denique
2189 1825 2304 1885 po·

321 1889 505 1948 tiores
570 1887 899 1968 scripturae
964 1890 1277 1951 varietates
1348 1892 1622 1951 annotavi
1677 1892 1802 1951 sive
1859 1908 1930 1951 ex
1985 1890 2306 1952 codicibus

322 1972 659 2051 Euripideis
706 1975 828 2033 sive
873 1992 942 2035 ex
990 1977 1348 2054 scriptorum
1391 1976 1744 2036 testimoniis
1788 1974 2010 2035 (luctas,

449 2055 580 2116 Non
614 2055 789 2118 nullis
831 2059 891 2116 in
938 2057 1121 2119 rebus
1154 2076 1304 2134 quae
1335 2057 1405 2118 ad
1438 2059 1722 2119 orationis
1767 2058 2015 2119 sormam
2059 2066 2302 2137 specta·

324 2147 459 2200 rent
499 2141 676 2200 tacite
708 2158 737 2199 a
769 2138 939 2200 libris
969 2141 1231 2201 discessi.
1307 2143 1586 2202 nimirum
1609 2150 1728 2203 tam
1758 2150 2032 2203 recentes
2058 2160 2132 2203 ac
2177 2152 2303 2205 tam

322 2225 531 2283 vitiose
584 2224 787 2302 scripti
842 2233 980 2284 sunt
1022 2223 1330 2302 Euripidei
1383 2225 1647 2296 codices,
1707 2232 1772 2286 ut
1814 2226 1874 2287 in
1929 2225 2304 2306 prosodiacis

326 2314 387 2367 et
430 2305 903 2385 orthographicis
949 2309 1394 2385 quaestionibus
1436 2311 1678 2370 minima
1724 2328 1928 2370 eorum
1971 2311 2047 2371 sit
2091 2321 2301 2371 aucto-

322 2391 485 2451 ritas,
576 2409 685 2470 pro
740 2399 846 2451 τοῦ
896 2386 1064 2469 ’μοῦ,
1120 2390 1203 2473 ἐῷ
1252 2388 1396 2476 ’μῷ,
1457 2401 1530 2475 τῇ
1583 2388 1688 2475 ’μῇ
1741 2392 1994 2472 praetuli
2049 2390 2302 2471 τούμοῦ,

322 2469 525 2557 τώμῷ,
571 2470 724 2557 τήμῇ
766 2475 1092 2537 secuudum
1136 2476 1326 2554 Etym.
1371 2477 1445 2537 Μ.
1494 2496 1552 2556 p.
1599 2480 1743 2553 757,
1791 2479 1888 2538 23.
1961 2495 2082 2538 non
2127 2470 2198 2536 αἶ
2235 2472 2306 2541 αἶ

323 2558 426 2619 sed
471 2558 607 2620 αἰαῖ
652 2568 716 2619 ut
758 2559 1081 2621 scriberem
1137 2562 1432 2640 permovit
1488 2578 1584 2621 me
1644 2560 2014 2622 Herodianus
2054 2581 2118 2621 π.
2161 2582 2300 2639 μον.

322 2640 436 2715 λέξ.
482 2663 543 2722 p.
590 2647 689 2711 27,
740 2647 837 2705 13.
928 2653 1126 2705 utrum
1171 2641 1396 2705 οὐκοῦν
1450 2662 1523 2704 an
1568 2642 1795 2705 οὔκουν
1839 2644 2154 2722 legendum
2201 2648 2299 2715 sit,

322 2744 441 2786 non
489 2744 521 2785 e
565 2726 869 2787 codicibus
924 2728 1029 2787 sed
1073 2744 1183 2806 pro
1228 2746 1334 2788 suo
1379 2727 1622 2789 arbitrio
1678 2728 1946 2788 homines
1990 2728 2149 2789 docti
2195 2730 2300 2789 de-

324 2817 607 2869 cernunt:
677 2809 927 2871 fortasse
981 2828 1115 2871 cum
1173 2810 1451 2872 Elmsleio
1509 2811 1600 2888 (in
1653 2810 1794 2871 Eur.
1851 2811 2082 2872 Heracl.
2147 2815 2299 2890 256)

324 2892 478 2971 apud
523 2894 777 2971 tragicos
820 2902 1025 2973 poetas
1069 2893 1288 2974 ubique
1331 2892 1441 2955 οὐκ
1483 2887 1596 2957 οὖν
1637 2894 1985 2971 legendum,
2033 2894 2301 2957 adbibita

322 2984 501 3057 prout
554 2995 704 3056 opus
758 2978 938 3038 suerit
992 2985 1093 3038 aut
1142 2996 1264 3038 non
1309 2976 1562 3040 adbibita
1606 2979 2094 3057 interrogatione.
2189 2999 2298 3041 en-

324 3062 585 3122 cliticum
630 3083 749 3120 νυν
790 3063 851 3122 in
883 3062 999 3122 νῦν
1042 3071 1272 3124 mutare
1303 3063 1495 3125 solent
1537 3062 1784 3124 librarii.
1843 3064 2100 3123 nominis
2143 3062 2302 3125 ἄστυ

324 3146 615 3222 genitivus
658 3142 881 3218 ἄστεως
939 3145 1156 3225 ubique
1200 3145 1292 3206 vel
1347 3146 1675 3209 admittitur
1720 3147 1806 3207 vel
1861 3149 2192 3228 requiritur
2211 3152 2300 3209 ‘in

324 3229 673 3306 tragoediis:
718 3232 916 3309 itaque
946 3247 1119 3309 quam
1165 3231 1417 3292 formam
1462 3230 1599 3292 libri
1640 3231 1964 3292 identidem
2008 3232 2304 3311 praebent

322 3310 534 3386 ἄστεος
578 3315 790 3391 sprevi.
851 3332 962 3377 nec
992 3314 1234 3377 toleravi
1280 3316 1526 3377 sormam
1571 3312 1820 3393 πτύχας,
1865 3333 2039 3395 quam
2083 3317 2144 3375 in
2179 3316 2300 3378 Eu-

462 3498 549 3561 96)
586 3498 953 3550 coniecturas
988 3514 1139 3551 meas
1176 3498 1494 3565 significavi
1531 3502 1789 3565 apposita
1826 3498 2017 3550 littera
2050 3500 2118 3549 N.
