2492 3900
155 327 278 386 ΙΦ.

147 428 294 487 ET.

149 528 279 587 ΙΦ.

149 630 294 689 ET.

148 730 276 790 ΙΦ.

149 832 294 891 ET.

148 932 276 993 ΙΦ.

149 1035 293 1095 ET.

147 1135 275 1196 ΙΦ.

149 1237 290 1298 ET.

148 1338 275 1399 ΙΦ.

147 1440 290 1501 ET.

149 1741 295 1802 XO.

147 1842 272 1903 ΙΦ.

148 1943 294 2006 ΧΟ.

143 2146 270 2207 ΙΦ.

145 2248 294 2310 XO.

145 2551 270 2612 ΙΦ.

966 150 1376 209 ΙΚΕΤΙΔΕΣ

384 314 662 385 κᾶπειτα
693 316 923 407 τύμβῳ
949 318 1062 385 καὶ
1090 323 1275 407 πυρᾷ
1303 322 1533 403 φαίνει
1560 319 1793 399 πέλας;

382 422 681 487 ἐνταῦθα
710 415 838 505 γὰρ
867 415 951 504 δὴ
980 424 1362 498 καλλίνικος
1390 424 1679 506 ἔρχομαι.

383 526 637 587 νικῶσα
663 525 863 605 νίκην
888 524 1074 600 τίνας
1103 529 1354 604 μαθεῖν
1378 519 1594 607 χρῄζω
1621 521 1846 588 σέθεν.

385 620 597 700 πάσας
623 634 949 707 γυναῖκας
976 615 1054 700 ἃς
1082 621 1405 707 δέδορκεν
1430 616 1636 707 ἥλιος.

383 728 602 811 ἔργοις
619 716 910 801 Ἀθάνας
936 715 981 808 ἦ
1007 728 1285 810 φρενῶν
1317 717 1673 812 εὐβουλίας

383 818 616 913 ἀρετῇ·
645 822 839 892 πόσει
863 820 995 913 γάρ
1031 828 1474 891 συνθανοῦσα
1499 830 1823 910 κείσομαι.

381 930 453 992 τί
475 924 642 1011 φής;
671 930 742 992 τί
763 922 945 992 τοῦτ’
976 934 1253 1011 αἴνιγμα
1280 930 1625 1012 σημαίνεις
1650 924 1948 1012 σαθρόν;

385 1022 566 1117 ᾄσσω
593 1025 926 1106 θανόντος
953 1028 1323 1105 Καπανέως
1349 1021 1538 1112 τήνδ’
1576 1032 1671 1105 εἰς
1697 1024 1941 1113 πυράν.

383 1117 438 1194 ῶ
462 1126 799 1215 θύγατερ,
830 1123 913 1195 ού
943 1125 1033 1214 μὴ
1061 1133 1290 1214 μῦθον
1324 1130 1420 1205 εἰς
1454 1123 1747 1206 πολλοὺς
1775 1130 1979 1215 &pets-3

378 1224 562 1297 τοῦτ’
595 1224 760 1297 αύτὸ
787 1228 1034 1317 χρῄζω,
1061 1228 1314 1307 πάντας
1334 1225 1675 1317 ’Λργείους
1698 1237 1966 1314 μαθεῖν.

383 1325 530 1397 ἀλλ’
561 1326 730 1399 οὐδέ
750 1336 862 1398 τοί
882 1351 989 1398 σοι
1017 1336 1329 1417 πείσομαι
1358 1328 1587 1417 δρῶσῃ
1614 1328 1791 1398 τάδε.

382 1426 612 1517 ὅμοιον
629 1452 645 1468 ·
675 1427 759 1499 ού
786 1429 915 1521 γὰρ
942 1429 1032 1519 μὴ
1059 1438 1248 1521 κίχῃς
1274 1427 1345 1517 μ’
1377 1428 1553 1500 ἑλῶν
1578 1438 1742 1517 χερί.

379 1533 492 1600 καὶ
521 1529 605 1619 δὴ
635 1546 942 1620 παρεῖται
969 1538 1160 1621 σῶμα
1177 1584 1196 1619 ,
1233 1534 1339 1601 σοὶ
1366 1532 1491 1619 μὲν
1518 1528 1602 1599 ού
1632 1538 1856 1619 φίλον,

380 1628 540 1721 ἡμῖν
571 1631 647 1702 δὲ
674 1635 788 1703 καὶ
813 1640 905 1725 τῷ
933 1635 1477 1724 συμπυρουμένῳ
1505 1632 1717 1701 πόσει.

383 1734 463 1803 ἰῶ
479 1785 498 1820 ,
529 1734 766 1822 γύναι,
796 1732 1028 1804 δεινὸν
1055 1742 1258 1825 ἔργον
1284 1733 1663 1822 ἐξειργάσω.

377 1832 744 1921 ἀπωλόμην
773 1835 1133 1922 δύστηνος,
1157 1833 1479 1923 Ἀργείων
1506 1834 1721 1922 κόραι.

375 1938 410 2006 ἒ
437 1942 501 2023 ἒ,
531 1938 798 2023 σχέτλια
821 1936 977 2006 τάδε
1004 1936 1273 2023 παθῶν,

379 2035 455 2106 τὸ
483 2037 870 2125 πάντολμον
901 2045 1100 2125 ἔργον
1127 2034 1284 2119 ὄψει
1310 2036 1529 2118 τάλας.

376 2135 501 2208 οὐκ
531 2134 616 2208 ἅν
644 2136 775 2208 τιν’
810 2135 1060 2230 εὕροιτ’
1093 2135 1303 2209 ἄλλον
1330 2135 1769 2228 ἆθλιῶτερον.

375 2238 454 2308 ἰῶ
485 2239 714 2320 τάλας·

378 2344 728 2428 μετέλαχες
755 2341 956 2429 τύχας
990 2341 1358 2428 Οἰδιπόδα,
1387 2345 1614 2432 γέρον,

380 2445 578 2530 μέρος
607 2444 721 2512 καὶ
749 2441 837 2512 σὺ
863 2445 978 2512 καὶ
1005 2444 1199 2523 πόλις
1225 2440 1350 2530 ἐμὰ
1377 2443 1667 2531 τλάμων.

377 2554 554 2631 οἴμοι
572 2565 588 2582 ·
617 2552 687 2613 τί
710 2543 793 2631 δὴ
826 2553 1168 2634 βροτοῖσιν
1193 2541 1319 2635 ούκ
1348 2550 1531 2613 ἔστιν
1560 2543 1736 2630 τόδε,

376 2648 570 2725 νέους
599 2646 704 2726 δὶς
732 2645 904 2715 εἶναι
932 2647 1045 2715 καὶ
1070 2648 1391 2733 γέροντας
1417 2636 1510 2714 αὖ
1541 2645 1776 2727 πάλιν;

376 2742 524 2814 ἀλλ’
559 2751 633 2815 ἐν
658 2747 892 2834 νόμοις
915 2747 1042 2835 μὲν
1067 2743 1154 2834 ἦν
1181 2775 1246 2820 τι
1273 2745 1363 2835 μὴ
1392 2753 1611 2828 καλῶς
1642 2753 1778 2834 ἔχῃ,

377 2847 753 2936 γνώμαισιν
781 2845 1166 2940 ὑστέραισιν
1191 2849 1683 2936 ἐξορθούμεθα,

378 2954 590 3019 αἰῶνα
619 2947 686 3019 δ’
724 2947 850 3019 ούκ
881 2954 1152 3033 ἔξεστιν.
1223 2956 1289 3020 εἰ
1311 2947 1375 3018 δ’
1412 2942 1583 3040 ἦμεν
1608 2953 1750 3019 νέοι

378 3052 483 3131 δὶς
508 3053 621 3120 καὶ
647 3053 991 3141 γέροντες,
1023 3063 1092 3122 εἴ
1109 3081 1207 3133 τις
1235 3053 1662 3140 ἐξημάρτανε,

378 3156 626 3221 διπλοῦ
652 3153 1149 3241 βίουτυχόντες
1175 3150 1642 3242 ἐξωρθούμεθ’
1677 3149 1783 3221 ἄν.

377 3251 508 3341 ἕγῶ
538 3253 668 3344 γὰρ
698 3250 945 3337 ἄλλους
975 3262 1261 3346 εἰσορῶν
1289 3257 1779 3342 τεκνουμένους

373 3359 638 3424 παίδων
663 3351 723 3424 τ’
755 3355 1032 3445 ἐραστὴς
1082 3349 1124 3443 ἦ
1169 3357 1365 3449 πόθῳ
1394 3352 1454 3424 τ’
1488 3353 1917 3441 ἀπωλλύμην.

377 3463 442 3524 εἰ
463 3454 527 3526 δ’
562 3465 656 3538 εἰς
685 3455 827 3526 τόδ’
860 3451 1077 3546 ἦλθον
1103 3455 1600 3547 κάξεπειράθην
1682 3468 1716 3506 *
1774 3464 1807 3504 *

2038 147 2163 210 405

2032 536 2167 591 1060

2031 1042 2165 1097 1065

2028 1549 2167 1604 1070

2028 2056 2163 2114 1075

2026 2562 2163 2618 1080

2028 3068 2157 3124 1085
