2492 3900
693 830 698 834 -
830 768 1535 861 ΤΠΟΘΕΣΙΣ.

381 1209 580 1280 Μετὰ
624 1209 748 1299 τὴν
795 1218 1036 1300 Τροίας
1079 1207 1335 1280 ἅλωσιν
1380 1207 1660 1299 ἄραντες
1703 1214 1773 1279 οἰ
1802 1204 2121 1297 Ἕλληνες

175 1320 772 1401 καθωρμίσθησαν
790 1316 866 1382 ἐν
887 1320 968 1402 τῇ
984 1310 1353 1403 ἀντιπέραν
1365 1312 1773 1403 Χερρονήσῳ
1802 1318 1917 1400 τῆς
1934 1310 2121 1402 Θρά-

173 1444 332 1504 κης,
379 1405 460 1501 ἦς
485 1406 648 1506 ἦρχε
697 1415 1204 1505 Πολυμήστωρ·
1257 1420 1429 1484 ἔνθα
1470 1416 1583 1483 καὶ
1630 1416 1867 1502 φανεὶς
1902 1410 2119 1501 Ἀχιλ-

175 1516 338 1598 λεὺς
395 1520 630 1605 ἐπέσχε
697 1516 857 1601 τοὺς
911 1512 1216 1605 Ἀχαιοῦς
1276 1523 1391 1605 τῆς
1452 1511 1839 1605 ἀναγωγῆς,
1914 1522 2175 1585 αἰτῶνὸ

175 1618 302 1707 τὴν
356 1624 566 1688 παῖδα
614 1620 932 1709 Πριάμου
976 1621 1371 1707 Πολυξένην
1420 1620 1621 1709 γέρας
1671 1617 1857 1709 αὐτῷ
1904 1623 2117 1703 δοθῆ-

176 1750 311 1791 ναι.
394 1716 708 1809 Ἕλληνες
760 1722 885 1809 μὲν
939 1713 1067 1791 οὖν
1133 1724 1551 1808 ἐψηφίσαντο
1603 1720 1850 1807 σφάξαι
1906 1716 2121 1805 αὐτὴν

178 1824 289 1893 ἐπὶ
318 1830 410 1913 τῷ
454 1822 648 1915 τάφῳ
690 1831 814 1893 τοῦ
852 1820 1092 1911 ἥρωος.
1183 1830 1489 1911 ἔπεμψαν
1533 1822 1608 1891 δὲ
1648 1824 1762 1891 καὶ
1793 1818 2119 1889 Ὀδυσσέα

178 1922 348 2014 πρὸς
366 1921 676 2015 Ἑκάβην,
709 1921 797 2008 ὡς
813 1919 898 1994 ἂν
912 1924 1036 2014 τὴν
1051 1926 1405 2014 παρθένον
1419 1924 1614 2012 λάβοι
1634 1946 1648 1960 ’
1687 1920 1760 2004 ὃς
1775 1924 1889 1992 καὶ
1902 1947 2121 2012 παρα-

180 2026 540 2115 γενόμενος
569 2034 809 2116 ἔλαβεν
837 2025 1072 2116 αὐτήν.
1153 2033 1525 2115 σφαγείσης
1549 2026 1623 2096 δὲ
1650 2023 1856 2114 αὐτῆς
1873 2022 2117 2113 Ἑκάβη
2144 2042 2205 2092 10

179 2128 613 2218 θεράπαιναν
642 2126 846 2217 αὑτῆς
875 2137 1127 2218 ἔπεμψε
1142 2127 1324 2219 παρὰ
1337 2126 1454 2209 τὰς
1482 2126 1703 2215 ἀκτάς,
1734 2125 1904 2197 ὥστε
1931 2123 2119 2217 ὕδωρ

183 2235 458 2300 ἐκεῖθεν
498 2238 907 2319 κομίσασθαι
949 2230 1116 2322 πρὸς
1157 2229 1448 2323 λουτρὸν
1486 2233 1892 2318 Πολυξένης.
1964 2221 2120 2319 εὗρε

183 2333 260 2402 δὲ
298 2333 725 2423 Πολύδωρον
766 2337 910 2404 ἐκεῖ
941 2341 1288 2422 κείμενον,
1348 2331 1429 2404 ὃν
1468 2329 1504 2403 ὅ
1562 2330 1777 2422 πατὴρ
1816 2338 2123 2422 Πρίαμος

182 2432 354 2522 μετὰ
394 2442 652 2505 πολλοῦ
691 2433 950 2525 χρυσοῦ
993 2443 1246 2526 ἔπεμψε
1287 2435 1455 2526 πρὸς
1476 2432 1973 2523 Πολυμήστορα
2000 2433 2122 2501 λά·-

181 2548 361 2630 θρα,
393 2533 466 2617 ὃς
493 2539 638 2607 ἐπεὶ
664 2535 964 2609 ἁλοῦσαν
989 2537 1114 2628 τὴν
1151 2545 1403 2628 Τροίαν
1443 2544 1652 2625 ἔγνω,
1695 2535 1951 2623 σφάξας
1993 2531 2123 2602 αὖ·
2141 2552 2203 2605 15

181 2638 307 2708 τὸν
336 2645 616 2729 ἔρριψεν
645 2643 718 2709 ἐν
743 2647 824 2730 τῇ
851 2641 1183 2732 θαλάσσῃ,
1215 2637 1306 2721 ὥς
1334 2635 1419 2708 ἂν
1448 2636 1649 2720 αὐτὸς
1678 2644 1793 2728 ἔχῃ
1821 2635 1940 2706 τὸν
1953 2663 2122 2727 χρυ-

183 2741 344 2810 σόν.»
393 2736 483 2821 ὥς
509 2733 639 2812 οὖν
667 2750 911 2812 τοῦτον
941 2735 1144 2828 εὗρεν
1170 2740 1211 2831 ἡ
1242 2741 1489 2830 δούλη,
1518 2739 1886 2829 ἀνελομένη
1924 2747 2123 2827 κομί-

183 2851 279 2926 ζει
313 2840 482 2932 πρὸς
501 2840 806 2934 Ἑκάβην.
857 2847 972 2914 καὶ
999 2844 1118 2915 τὸν
1131 2845 1553 2936 Πολύδωρον
1578 2845 1837 2932 γνοῦσα
1867 2839 2122 2922 άθλίως

185 2972 256 3014 τε
289 2953 439 3033 ἔσχε
467 2947 582 3016 καὶ
611 2942 792 3028 ὅπως
818 2944 1170 3036 ἀμυνεῖται
1209 2947 1705 3037 Πολυμήστορα
1754 2952 2123 3034 μηχανᾶται

188 3047 441 3117 τοιάδε.
501 3052 745 3138 πέμπει
771 3047 896 3137 τὴν
923 3046 1130 3138 αὐτῆς
1157 3051 1414 3138 δούλην
1443 3047 1611 3140 πρὸς
1636 3046 1757 3118 τὸν
1796 3044 2207 3134 Πολυμή-Ξο

183 3172 429 3241 στορα,
467 3149 680 3221 αὐτόν
706 3179 778 3221 τε
823 3154 936 3220 καὶ
978 3149 1060 3220 τὰ
1096 3153 1297 3222 τέκνα
1340 3149 1509 3242 πρὸς
1547 3148 1797 3240 ἑαυτὴν
1835 3175 2125 3238 μετακα-

183 3253 504 3348 λουμένη.
563 3245 762 3336 οὗτος
787 3253 913 3344 μὲν
939 3245 1067 3324 οὖν
1106 3252 1273 3342 μετὰ
1310 3260 1449 3324 τῶν
1487 3259 1753 3323 παίδων
1790 3250 1958 3342 πρὸς
1997 3245 2124 3318 αὐ-

182 3353 312 3442 τὴν
339 3351 747 3458 ἀφικνεῖται.
811 3353 1054 3445 Ἑκάβη
1083 3358 1160 3425 δὲ
1195 3354 1363 3448 πρὸς
1404 3353 1615 3425 αὐτὸν
1642 3354 1889 3425 τούτου
1928 3351 2126 3440 χάριν

185 3461 319 3544 ἔφη
359 3456 796 3546 κεκληκέναι,
852 3463 966 3528 ἵνα
1004 3465 1263 3548 χρυσοῦ
1301 3457 1696 3549 θησαυροῦς
1747 3455 2125 3546 κεκρυμμέ-
