2492 3900
1069 162 1399 223 ΒΛΚΧΑΙ

312 360 324 365 ”
417 336 758 408 θωΰσσων
788 336 864 403 δὲ
891 333 1259 419 κυναγέτας

418 444 736 527 συντείνῃ
765 434 1072 524 δράμημα
1103 437 1335 501 κυνῶν
1352 452 1367 467 ·

419 542 697 630 μόχθοις
725 535 774 607 τ’
810 533 1232 625 ὠκυδρόμοις
1266 529 1314 601 τ’
1350 528 1510 601 ἀέλ-

421 653 568 723 λαις
599 639 898 729 θρῶσκει
933 641 1170 707 πεδίον

419 740 928 833 παραποτάμιον
943 790 962 825 ,
991 734 1289 825 ἡδομένα

419 849 685 935 βροτῶν
712 846 1013 932 ἐρημίαις

421 943 872 1036 σκιαροκόμου
899 938 948 1011 τ’
981 945 1055 1010 ἐν
1084 946 1349 1028 ἔρνεσιν
1374 934 1563 1015 ὕλας.

422 1056 492 1118 τί
511 1046 586 1115 τὸ
615 1043 834 1135 σοφὸν
861 1038 908 1131 ἢ
932 1049 1005 1111 τί
1027 1039 1102 1110 τὸ
1134 1039 1412 1109 κάλλιον

419 1146 604 1238 παρὰ
630 1154 820 1217 θεῶν
847 1147 1047 1234 γέρας
1074 1146 1150 1212 ἐν
1180 1149 1447 1231 βροτοῖς

421 1246 466 1338 ἢ
491 1245 649 1337 χεῖρ’
684 1245 855 1336 ὑπὲρ
883 1250 1192 1335 κορυφᾶς

421 1359 558 1421 τῶν
585 1355 853 1439 ἐχθρῶν
881 1352 1170 1435 κρείσσω
1199 1344 1541 1430 κατέχεινς

425 1450 464 1522 ὅ
490 1480 554 1521 τι
581 1448 790 1521 καλὸν
825 1456 1028 1537 φίλον
1056 1443 1182 1516 ἀεί.

424 1551 707 1643 ὁρμᾶται
734 1551 954 1635 μόλις,
984 1546 1119 1616 ἀλλ’
1154 1543 1332 1634 ὅμως

424 1654 662 1725 πιστόν
709 1680 771 1722 τι
814 1653 889 1719 τὸ
937 1660 1135 1719 θεῖον

426 1758 698 1835 σθένος·
739 1752 1119 1823 ἀπευθύνει
1149 1749 1225 1819 δὲ
1251 1755 1515 1839 βροτῶν

425 1856 582 1943 τούς
612 1852 660 1925 τ’
694 1852 1188 1943 ἀγνωμοσύναν

430 1966 760 2047 τιμῶντας
784 1959 900 2028 καὶ
925 1954 1014 2044 μὴ
1043 1954 1124 2023 τὰ
1149 1960 1339 2022 θεῶν

429 2059 752 2144 αὔξοντας
778 2057 910 2128 σὺν
935 2057 1309 2146 μαινομένᾳ
1337 2052 1517 2145 δόξᾳ.

428 2160 887 2252 κρυπτεύουσι
913 2159 990 2228 δὲ
1015 2163 1336 2236 ποικίλως

434 2261 646 2352 δαρὸν
677 2262 930 2352 χρόνον
958 2256 1134 2330 πόδα
1159 2261 1277 2327 καὶ

431 2371 742 2456 θηρῶσιν
765 2362 890 2433 τὸν
913 2360 1221 2432 ἄσεπτον.
1268 2357 1353 2428 οὐ

432 2466 561 2557 γὰρ
587 2464 902 2555 κρεῖσσόν
929 2490 1092 2533 ποτε
1119 2469 1257 2530 τῶν
1283 2461 1514 2548 νόμων

430 2567 835 2657 γιγνώσκειν
864 2565 990 2656 χρὴ
1019 2567 1133 2634 καὶ
1161 2569 1464 2651 μελετᾶν.

430 2670 658 2756 κούφα
687 2667 814 2757 γὰρ
844 2663 1110 2736 δαπάνα
1145 2671 1342 2752 νομί-

431 2780 569 2854 ζειν
597 2769 792 2858 ἰσχὺν
819 2766 964 2838 τόδ’
999 2775 1197 2856 ἔχειν,

433 2869 476 2942 ὅ
498 2900 562 2942 τι
591 2870 729 2942 ποτ’
763 2869 893 2959 ἄρα
921 2867 994 2939 τὸ
1038 2868 1410 2956 δαιμόνιον,

434 2975 510 3043 τό
535 2969 584 3042 τ’
617 2978 692 3043 ἐν
716 2974 938 3066 χρόνῳ
966 2977 1200 3061 μακρῷ

428 3076 716 3164 νόμιμον
743 3072 850 3144 ἀεὶ
877 3072 1082 3162 φύσει
1112 3099 1184 3142 τε
1211 3069 1533 3159 πεφυκός.

435 3184 507 3247 τί
525 3175 600 3246 τὸ
630 3175 847 3265 σοφὸν
874 3171 919 3264 ἦ
942 3182 1015 3244 τί
1034 3173 1109 3244 τὸ
1138 3174 1413 3244 κάλλιον

435 3277 615 3370 παρὰ
643 3285 836 3348 θεῶν
861 3280 1059 3366 γέρας
1086 3281 1160 3346 ἐν
1187 3285 1455 3366 βροτοῖς

435 3378 480 3468 ἦ
505 3377 660 3468 χεῖρ’
693 3378 865 3470 ὑπὲρ
891 3386 1198 3468 κορυφᾶς

435 3491 572 3551 τῶν
602 3485 869 3572 ἐχθρῶν
896 3488 1183 3568 κρείσσω
1214 3482 1555 3567 κατέχεινι

2076 152 2201 217 119

2102 847 2203 903 875

1964 1536 2105 1610 ἀντ.

2108 2367 2214 2422 890

2006 3028 2010 3031 .
2114 2976 2215 3028 895

2118 3483 2219 3536 900
