2492 3900
895 159 1411 218 ΙΠΠΟΛΥΤΟΣ
2030 160 2164 225 417

370 332 594 413 κῶμος
621 326 900 393 λέλακεν
921 321 1240 415 ’Ἄρτεμιν
1268 332 1479 412 τιμῶν
1504 324 1681 396 θεὰν
2086 345 2161 402 55

369 423 720 514 ὕμνοισιν·
755 423 838 495 οὐ
866 424 996 516 γὰρ
1027 424 1160 495 οἶδ’
1193 424 1619 519 ἀνεῳγμένας
1656 428 1869 512 πύλας

355 524 593 597 ’Ἅιδου
669 527 840 616 φάος
875 555 946 597 τε
971 534 1285 597 λοίσθιον
1312 532 1581 617 βλέπων
1608 530 1780 600 τόδε.

136 640 260 699 [Π.
370 626 608 699 ἕπεσθ’
648 628 924 721 ᾅδοντες
953 632 1201 699 ἕπεσθε

369 730 493 800 τάν
511 729 681 813 Διὸς
707 728 1038 820 οὐρανίαν

349 829 698 920 Ἄρτεμιν,
731 824 776 923 ᾇ
801 833 1205 921 μελόμεσθα.
2087 852 2157 908 60

133 944 276 1003 ΘΕ.
370 935 608 1003 πότνια
637 934 876 1004 πότνια
909 936 1299 1023 σεμνοτάτα,

367 1035 582 1117 Ζανὸς
610 1040 962 1124 γένεθλον,

364 1154 554 1225 χαῖρε
587 1140 778 1228 χαῖρέ
801 1166 946 1225 μοι,
976 1129 1032 1205 οἷ
1059 1138 1226 1224 κόρα

343 1246 628 1325 ,Λατοῦς
661 1237 936 1328 ’Ἄρτεμι
965 1242 1076 1308 καὶ
1104 1240 1292 1325 Διός,
2087 1259 2153 1312 65

367 1348 684 1411 καλλίστα
711 1340 886 1411 πολὺ
915 1344 1304 1429 παρθένων,

365 1445 436 1536 [ἃ
471 1448 684 1535 μέγαν
719 1442 868 1513 κατ’
907 1438 1233 1531 ούρανόν]

359 1553 600 1634 ναίεις,
638 1541 1040 1632 εύπατέρει’,
1078 1540 1188 1611 ἄν’
1227 1538 1334 1611 οἶ-

361 1674 480 1716 κον
519 1645 740 1725 Ζανὸς
777 1644 1232 1733 πολύχρυσον.

358 1747 552 1831 χαῖρέ
589 1771 738 1833 μοι,
780 1737 834 1814 οἶ
866 1754 1184 1815 καλλίστα
2087 1765 2158 1822 70

362 1854 681 1916 καλλίστα
712 1854 847 1915 τῶν
877 1844 1388 1935 κατ”Όλυμπον

363 1951 732 2038 παρθένων
744 2001 763 2036 ,
781 1945 1073 2037 Ἄρτεμι.

133 2061 254 2120 ΙΠ.
365 2054 474 2120 σοὶ
500 2050 696 2121 τόνδε
723 2049 1012 2120 πλεκτὸν
1041 2055 1378 2140 στέφανον
1406 2055 1469 2136 ἐξ
1500 2050 1837 2141 ἀκηράτου

369 2160 728 2240 λειμῶνος,
763 2145 816 2221 ὦ
846 2154 1201 2241 δέσποινα,
1230 2155 1567 2242 κοσμήσας
1596 2157 1805 2244 φέρω,

363 2253 517 2324 ἔνθ’
550 2252 706 2324 οὔτε
735 2253 982 2342 ποιμὴν
1011 2251 1186 2337 ἆξιοῖ
1209 2258 1491 2344 φέρβειν
1519 2255 1683 2345 βοτὰ
2086 2271 2163 2328 75

363 2354 512 2426 οὔτ’
547 2347 726 2444 ἦλθέ
750 2383 852 2426 πω
882 2362 1188 2446 σίδηρος,
1220 2355 1371 2427 ἀλλ’
1404 2355 1744 2449 ἀκήρατον

359 2461 640 2546 μέλισσα
670 2455 948 2546 λειμῶν’
983 2457 1255 2546 έαρινὸν
1283 2463 1616 2549 διέρχεται
1637 2483 1651 2497 ·

361 2558 589 2639 Αἰδώς
617 2560 694 2628 δὲ
727 2566 1110 2646 ποταμίαισι
1141 2561 1421 2648 κηπεύει
1452 2560 1741 2650 δρόσοις,

353 2657 542 2740 ὅσοις
575 2660 894 2730 διδακτὸν
926 2663 1171 2749 μηδέν,
1196 2660 1375 2750 [ἀλλ’
1418 2665 1491 2732 έν
1526 2669 1611 2754 τῇ
1648 2665 1853 2750 φύσει

360 2762 435 2833 τὸ
462 2779 848 2852 σωφρονεῖν
877 2772 1138 2851 εἴληχεν
1166 2770 1261 2844 εἰς
1286 2761 1367 2832 τὰ
1397 2760 1610 2833 πάνθ’
1643 2759 1873 2854 ὁμῶς,]
2082 2779 2153 2832 80
2176 2829 2179 2832 ⁴

359 2865 622 2944 τούτοις
655 2867 1058 2955 δρέπεσθαι·
1090 2881 1228 2946 τοῖς
1256 2879 1519 2934 κακοῖσι
1550 2863 1617 2934 δ’
1652 2863 1733 2934 οὐ
1762 2867 1982 2952 θέμις.

367 2964 515 3035 ἀλλ’
552 2958 606 3034 03
633 2961 1186 3055 φίληδέσποινα,
1221 2969 1509 3055 χρυσέας
1536 2967 1743 3056 κόμης

359 3065 668 3156 ἀνάδημα
699 3071 880 3150 δέξαι
907 3067 1128 3158 χειρὸς
1156 3066 1481 3156 εὐσεβοῦς
1508 3065 1657 3138 ἄπο.

359 3171 547 3262 μόνῳ
575 3170 703 3260 γάρ
734 3173 871 3238 ἐστι
899 3167 1084 3238 τοῦτ’
1120 3173 1265 3258 ἐμοὶ
1290 3173 1490 3258 γέρας
1518 3178 1783 3259 βροτῶν
1800 3195 1814 3208 ·

361 3275 464 3342 σοὶ
495 3274 607 3341 καὶ
638 3271 898 3360 ξύνειμι
929 3273 1042 3340 καὶ
1071 3271 1293 3360 λόγοις
1321 3268 1389 3340 σ’
1424 3267 1801 3360 ἀμείβομαι,
2082 3288 2159 3344 85,

361 3374 595 3443 κλύων
622 3374 746 3462 μὲν
773 3370 1025 3460 αὐδήν,
1060 3369 1238 3462 ὄμμα
1271 3371 1335 3444 δ’
1371 3370 1495 3462 οὐχ
1523 3371 1707 3463 ὁρῶν
1732 3373 1804 3444 τὸ
1836 3375 1979 3443 σόν.

364 3478 550 3556 τέλος
576 3477 652 3544 δὲ
679 3473 1011 3564 κάμψαιμ’
1047 3472 1269 3567 ὥσπερ
1298 3473 1600 3564 ἠρξάμην
1634 3467 1811 3564 βίου.

301 3593 482 3632 tvmp.
521 3595 648 3634 vot..
689 3579 729 3633 Ι.
1737 3573 1815 3635 27
1916 3626 1921 3634 .
