<?xml version="1.0" encoding="UTF-8"?>
<!DOCTYPE html PUBLIC "-//W3C//DTD XHTML 1.0 Transitional//EN"
    "http://www.w3.org/TR/xhtml1/DTD/xhtml1-transitional.dtd">
<html xmlns="http://www.w3.org/1999/xhtml" xml:lang="en" lang="en">
 <head>
  <title>
</title>
<meta http-equiv="Content-Type" content="text/html;charset=utf-8" />
  <meta name='ocr-system' content='tesseract 3.04.00' />
  <meta name='ocr-capabilities' content='ocr_page ocr_carea ocr_par ocr_line ocrx_word'/>
</head>
<body>
  <div class='ocr_page' id='page_1' title='image "./evripidistragoe03eurigoog/evripidistragoe03eurigoog_0170.png"; bbox 0 0 2492 3900; ppageno 0'>
   <div class='ocr_carea' id='block_1_1' title="bbox 267 158 348 222">
    <p class='ocr_par' dir='ltr' id='par_1_1' title="bbox 267 158 348 222">
     <span class='ocr_line' id='line_1_1' title="bbox 267 158 348 222; baseline 0.012 -1"><span class='ocrx_word' id='word_1_1' title='bbox 267 158 348 222; x_wconf 89' lang='grc'><em>58</em></span> 
     </span>
    </p>
   </div>
   <div class='ocr_carea' id='block_1_2' title="bbox 273 3100 411 3159">
    <p class='ocr_par' dir='ltr' id='par_1_2' title="bbox 273 3100 411 3159">
     <span class='ocr_line' id='line_1_2' title="bbox 273 3100 411 3159; baseline -0.014 0"><span class='ocrx_word' id='word_1_2' title='bbox 273 3100 411 3159; x_wconf 91' lang='grc' dir='ltr'><em>ΧΟ.</em></span> 
     </span>
    </p>
   </div>
   <div class='ocr_carea' id='block_1_3' title="bbox 271 3306 424 3366">
    <p class='ocr_par' dir='ltr' id='par_1_3' title="bbox 271 3306 424 3366">
     <span class='ocr_line' id='line_1_3' title="bbox 271 3306 424 3366; baseline -0.02 0"><span class='ocrx_word' id='word_1_3' title='bbox 271 3306 424 3366; x_wconf 88' lang='grc' dir='ltr'><em>ΜΕ.</em></span> 
     </span>
    </p>
   </div>
   <div class='ocr_carea' id='block_1_4' title="bbox 1011 162 1555 221">
    <p class='ocr_par' dir='ltr' id='par_1_4' title="bbox 1011 162 1555 221">
     <span class='ocr_line' id='line_1_4' title="bbox 1011 162 1555 221; baseline 0.007 -4"><span class='ocrx_word' id='word_1_4' title='bbox 1011 163 1131 221; x_wconf 85' lang='grc' dir='ltr'><em>ΑΝ</em></span> <span class='ocrx_word' id='word_1_5' title='bbox 1128 163 1183 218; x_wconf 92' lang='grc' dir='ltr'><em>Δ</em></span> <span class='ocrx_word' id='word_1_6' title='bbox 1189 162 1555 221; x_wconf 81' lang='grc' dir='ltr'><em>ΡΟΜΑΧΗ</em></span> 
     </span>
    </p>
   </div>
   <div class='ocr_carea' id='block_1_5' title="bbox 495 326 2124 3594">
    <p class='ocr_par' dir='ltr' id='par_1_5' title="bbox 495 326 2124 730">
     <span class='ocr_line' id='line_1_5' title="bbox 499 326 2124 421; baseline 0.001 -22"><span class='ocrx_word' id='word_1_7' title='bbox 499 330 751 419; x_wconf 86' lang='grc' dir='ltr'><em>φόνον·</em></span> <span class='ocrx_word' id='word_1_8' title='bbox 797 328 870 399; x_wconf 89' lang='grc' dir='ltr'>τό</span> <span class='ocrx_word' id='word_1_9' title='bbox 901 336 1220 417; x_wconf 78' lang='grc' dir='ltr'><em>συνδρῶν</em></span> <span class='ocrx_word' id='word_1_10' title='bbox 1248 329 1379 419; x_wconf 81' lang='grc' dir='ltr'><em>γάρ</em></span> <span class='ocrx_word' id='word_1_11' title='bbox 1415 326 1479 399; x_wconf 89' lang='grc' dir='ltr'><em>σ’</em></span> <span class='ocrx_word' id='word_1_12' title='bbox 1516 327 1883 419; x_wconf 80' lang='grc' dir='ltr'><em>ἀναγκάσει</em></span> <span class='ocrx_word' id='word_1_13' title='bbox 1910 326 2124 421; x_wconf 88' lang='grc' dir='ltr'><em>χρεός.</em></span> 
     </span>
     <span class='ocr_line' id='line_1_6' title="bbox 497 422 2031 523; baseline 0.001 -22"><span class='ocrx_word' id='word_1_14' title='bbox 497 429 585 520; x_wconf 79' lang='grc' dir='ltr'><em>ἢν</em></span> <span class='ocrx_word' id='word_1_15' title='bbox 615 430 681 502; x_wconf 90' lang='grc' dir='ltr'><em>δ’</em></span> <span class='ocrx_word' id='word_1_16' title='bbox 717 422 844 502; x_wconf 77' lang='grc' dir='ltr'><em>οὖν</em></span> <span class='ocrx_word' id='word_1_17' title='bbox 873 431 1004 521; x_wconf 71' lang='grc' dir='ltr'><em>ἐγώ</em></span> <span class='ocrx_word' id='word_1_18' title='bbox 1033 432 1158 519; x_wconf 71' lang='grc' dir='ltr'><em>μὲν</em></span> <span class='ocrx_word' id='word_1_19' title='bbox 1185 431 1277 520; x_wconf 83' lang='grc' dir='ltr'><em>μὴ</em></span> <span class='ocrx_word' id='word_1_20' title='bbox 1306 443 1554 501; x_wconf 80' lang='grc' dir='ltr'><em>θανεῖν</em></span> <span class='ocrx_word' id='word_1_21' title='bbox 1584 430 1993 523; x_wconf 79' lang='grc' dir='ltr'><em>ὑπεκδράμω</em></span> <span class='ocrx_word' id='word_1_22' title='bbox 2012 486 2031 520; x_wconf 99' lang='grc'><em>,</em></span> 
     </span>
     <span class='ocr_line' id='line_1_7' title="bbox 495 527 1996 626; baseline 0 -21"><span class='ocrx_word' id='word_1_23' title='bbox 495 534 615 605; x_wconf 87' lang='grc' dir='ltr'><em>τὸν</em></span> <span class='ocrx_word' id='word_1_24' title='bbox 645 535 853 604; x_wconf 79' lang='grc' dir='ltr'><em>παῖδά</em></span> <span class='ocrx_word' id='word_1_25' title='bbox 880 563 1012 622; x_wconf 88' lang='grc' dir='ltr'><em>μου</em></span> <span class='ocrx_word' id='word_1_26' title='bbox 1042 551 1376 618; x_wconf 80' lang='grc' dir='ltr'><em>κτενεῖτε;</em></span> <span class='ocrx_word' id='word_1_27' title='bbox 1407 527 1575 626; x_wconf 75' lang='grc' dir='ltr'><em>κᾷτα</em></span> <span class='ocrx_word' id='word_1_28' title='bbox 1609 542 1750 615; x_wconf 88' lang='grc' dir='ltr'><em>πῶς</em></span> <span class='ocrx_word' id='word_1_29' title='bbox 1777 534 1996 624; x_wconf 82' lang='grc' dir='ltr'><em>πατὴρ</em></span> 
     </span>
     <span class='ocr_line' id='line_1_8' title="bbox 496 635 1747 730; baseline 0 -23"><span class='ocrx_word' id='word_1_30' title='bbox 496 641 740 707; x_wconf 82' lang='grc' dir='ltr'><em>τέκνου</em></span> <span class='ocrx_word' id='word_1_31' title='bbox 766 637 1104 718; x_wconf 80' lang='grc' dir='ltr'><em>θανόντος</em></span> <span class='ocrx_word' id='word_1_32' title='bbox 1133 642 1383 730; x_wconf 77' lang='grc' dir='ltr'><em>ῥᾳδίως</em></span> <span class='ocrx_word' id='word_1_33' title='bbox 1411 635 1747 721; x_wconf 78' lang='grc' dir='ltr'><em>ἆνέξεται;</em></span> 
     </span>
    </p>

    <p class='ocr_par' dir='ltr' id='par_1_6' title="bbox 497 730 2111 1853">
     <span class='ocr_line' id='line_1_9' title="bbox 499 730 1969 831; baseline -0.001 -21"><span class='ocrx_word' id='word_1_34' title='bbox 499 738 624 828; x_wconf 81' lang='grc' dir='ltr'><em>οὐχ</em></span> <span class='ocrx_word' id='word_1_35' title='bbox 655 730 781 809; x_wconf 67' lang='grc' dir='ltr'><em>οἷδ’</em></span> <span class='ocrx_word' id='word_1_36' title='bbox 817 737 1161 829; x_wconf 77' lang='grc' dir='ltr'><em>ἄνανδρον</em></span> <span class='ocrx_word' id='word_1_37' title='bbox 1190 737 1404 809; x_wconf 79' lang='grc' dir='ltr'><em>αὐτὸν</em></span> <span class='ocrx_word' id='word_1_38' title='bbox 1432 737 1473 828; x_wconf 77' lang='grc' dir='ltr'>ἡ</span> <span class='ocrx_word' id='word_1_39' title='bbox 1512 747 1720 831; x_wconf 90' lang='grc' dir='ltr'><em>Τροία</em></span> <span class='ocrx_word' id='word_1_40' title='bbox 1748 749 1969 810; x_wconf 83' lang='grc' dir='ltr'><em>καλεῖ·</em></span> 
     </span>
     <span class='ocr_line' id='line_1_10' title="bbox 501 837 1781 931; baseline 0 -20"><span class='ocrx_word' id='word_1_41' title='bbox 501 839 649 911; x_wconf 80' lang='grc' dir='ltr'><em>ἀλλ’</em></span> <span class='ocrx_word' id='word_1_42' title='bbox 686 841 857 911; x_wconf 85' lang='grc' dir='ltr'><em>εἶσιν</em></span> <span class='ocrx_word' id='word_1_43' title='bbox 887 837 958 911; x_wconf 85' lang='grc' dir='ltr'><em>οἷ</em></span> <span class='ocrx_word' id='word_1_44' title='bbox 978 842 1134 931; x_wconf 86' lang='grc' dir='ltr'><em>χρή·</em></span> <span class='ocrx_word' id='word_1_45' title='bbox 1166 844 1448 931; x_wconf 79' lang='grc' dir='ltr'><em>Πηλέως</em></span> <span class='ocrx_word' id='word_1_46' title='bbox 1473 841 1601 931; x_wconf 81' lang='grc' dir='ltr'><em>γὰρ</em></span> <span class='ocrx_word' id='word_1_47' title='bbox 1633 840 1781 925; x_wconf 74' lang='grc' dir='ltr'><em>ἄξια</em></span> 
     </span>
     <span class='ocr_line' id='line_1_11' title="bbox 498 941 2043 1036; baseline 0.001 -23"><span class='ocrx_word' id='word_1_48' title='bbox 498 944 746 1034; x_wconf 86' lang='grc' dir='ltr'><em>πατρός</em></span> <span class='ocrx_word' id='word_1_49' title='bbox 775 942 837 1015; x_wconf 85' lang='grc' dir='ltr'><em>τ’</em></span> <span class='ocrx_word' id='word_1_50' title='bbox 866 941 1213 1032; x_wconf 79' lang='grc' dir='ltr'><strong><em>Ἀχιλλέως</em></strong></span> <span class='ocrx_word' id='word_1_51' title='bbox 1243 952 1406 1036; x_wconf 83' lang='grc' dir='ltr'><em>ἔργα</em></span> <span class='ocrx_word' id='word_1_52' title='bbox 1438 952 1625 1034; x_wconf 87' lang='grc' dir='ltr'><em>δρῶν</em></span> <span class='ocrx_word' id='word_1_53' title='bbox 1654 946 2043 1034; x_wconf 85' lang='grc' dir='ltr'><em>φανήσεται.</em></span> 
     </span>
     <span class='ocr_line' id='line_1_12' title="bbox 501 1044 2111 1136; baseline 0.001 -21"><span class='ocrx_word' id='word_1_54' title='bbox 501 1044 660 1116; x_wconf 80' lang='grc' dir='ltr'><em>ῶσει</em></span> <span class='ocrx_word' id='word_1_55' title='bbox 690 1047 765 1116; x_wconf 77' lang='grc' dir='ltr'><em>δὲ</em></span> <span class='ocrx_word' id='word_1_56' title='bbox 793 1046 922 1135; x_wconf 83' lang='grc' dir='ltr'><em>σὴν</em></span> <span class='ocrx_word' id='word_1_57' title='bbox 951 1045 1138 1117; x_wconf 88' lang='grc' dir='ltr'><em>παῖδ’</em></span> <span class='ocrx_word' id='word_1_58' title='bbox 1175 1052 1248 1117; x_wconf 80' lang='grc' dir='ltr'><em>ἐκ</em></span> <span class='ocrx_word' id='word_1_59' title='bbox 1278 1048 1536 1136; x_wconf 82' lang='grc' dir='ltr'><em>δόμων·</em></span> <span class='ocrx_word' id='word_1_60' title='bbox 1580 1046 1668 1117; x_wconf 77' lang='grc' dir='ltr'><em>σὺ</em></span> <span class='ocrx_word' id='word_1_61' title='bbox 1697 1045 1762 1117; x_wconf 89' lang='grc' dir='ltr'><em>δ’</em></span> <span class='ocrx_word' id='word_1_62' title='bbox 1799 1045 2111 1131; x_wconf 76' lang='grc' dir='ltr'><em>ἐκδιδούς</em></span> 
     </span>
     <span class='ocr_line' id='line_1_13' title="bbox 499 1147 1954 1241; baseline 0.001 -23"><span class='ocrx_word' id='word_1_63' title='bbox 499 1148 680 1240; x_wconf 71' lang='grc' dir='ltr'><em>ἄλλῳ</em></span> <span class='ocrx_word' id='word_1_64' title='bbox 709 1157 780 1218; x_wconf 89' lang='grc' dir='ltr'><em>τί</em></span> <span class='ocrx_word' id='word_1_65' title='bbox 803 1151 1045 1233; x_wconf 81' lang='grc' dir='ltr'><em>λέξεις;</em></span> <span class='ocrx_word' id='word_1_66' title='bbox 1076 1150 1367 1241; x_wconf 87' lang='grc' dir='ltr'><em>πότερον</em></span> <span class='ocrx_word' id='word_1_67' title='bbox 1397 1147 1487 1231; x_wconf 76' lang='grc' dir='ltr'><em>ὦς</em></span> <span class='ocrx_word' id='word_1_68' title='bbox 1512 1149 1727 1220; x_wconf 84' lang='grc' dir='ltr'><em>κακὸν</em></span> <span class='ocrx_word' id='word_1_69' title='bbox 1754 1151 1954 1221; x_wconf 87' lang='grc' dir='ltr'><em>πόσιν</em></span> 
     </span>
     <span class='ocr_line' id='line_1_14' title="bbox 500 1249 2050 1342; baseline 0 -21"><span class='ocrx_word' id='word_1_70' title='bbox 500 1251 740 1340; x_wconf 80' lang='grc' dir='ltr'><em>φεύγει</em></span> <span class='ocrx_word' id='word_1_71' title='bbox 774 1255 849 1320; x_wconf 85' lang='grc' dir='ltr'><em>τὸ</em></span> <span class='ocrx_word' id='word_1_72' title='bbox 879 1252 1125 1340; x_wconf 79' lang='grc' dir='ltr'><em>ταύτης</em></span> <span class='ocrx_word' id='word_1_73' title='bbox 1152 1260 1470 1342; x_wconf 83' lang='grc' dir='ltr'><em>σῶφρον;</em></span> <span class='ocrx_word' id='word_1_74' title='bbox 1502 1249 1670 1321; x_wconf 72' lang='grc' dir='ltr'><em>ἄλλα</em></span> <span class='ocrx_word' id='word_1_75' title='bbox 1710 1253 2050 1335; x_wconf 80' lang='grc' dir='ltr'><em>ψεύσεται.</em></span> 
     </span>
     <span class='ocr_line' id='line_1_15' title="bbox 497 1351 2083 1443; baseline 0.001 -20"><span class='ocrx_word' id='word_1_76' title='bbox 497 1370 701 1442; x_wconf 88' lang='grc' dir='ltr'><em>γαμεῖ</em></span> <span class='ocrx_word' id='word_1_77' title='bbox 725 1354 800 1423; x_wconf 74' lang='grc' dir='ltr'><em>δὲ</em></span> <span class='ocrx_word' id='word_1_78' title='bbox 831 1362 931 1436; x_wconf 87' lang='grc' dir='ltr'><em>τίς</em></span> <span class='ocrx_word' id='word_1_79' title='bbox 958 1383 1108 1438; x_wconf 85' lang='grc' dir='ltr'><em>νιν;</em></span> <span class='ocrx_word' id='word_1_80' title='bbox 1147 1352 1190 1443; x_wconf 75' lang='grc' dir='ltr'><em>’ἦ</em></span> <span class='ocrx_word' id='word_1_81' title='bbox 1218 1351 1327 1442; x_wconf 88' lang='grc' dir='ltr'><em>σφ’</em></span> <span class='ocrx_word' id='word_1_82' title='bbox 1363 1352 1708 1443; x_wconf 70' lang='grc' dir='ltr'><em>ἄνανδρον</em></span> <span class='ocrx_word' id='word_1_83' title='bbox 1744 1358 1819 1424; x_wconf 79' lang='grc' dir='ltr'><em>ἐν</em></span> <span class='ocrx_word' id='word_1_84' title='bbox 1851 1356 2083 1443; x_wconf 87' lang='grc' dir='ltr'><em>δόμοις</em></span> 
     </span>
     <span class='ocr_line' id='line_1_16' title="bbox 500 1448 1953 1549; baseline 0.003 -26"><span class='ocrx_word' id='word_1_85' title='bbox 500 1456 714 1545; x_wconf 84' lang='grc' dir='ltr'><em>χήραν</em></span> <span class='ocrx_word' id='word_1_86' title='bbox 740 1459 1050 1538; x_wconf 74' lang='grc' dir='ltr'><em>καθέξεις</em></span> <span class='ocrx_word' id='word_1_87' title='bbox 1080 1457 1355 1540; x_wconf 85' lang='grc' dir='ltr'><em>πολιόν;</em></span> <span class='ocrx_word' id='word_1_88' title='bbox 1387 1448 1442 1525; x_wconf 76' lang='grc' dir='ltr'><em>ῶ</em></span> <span class='ocrx_word' id='word_1_89' title='bbox 1470 1457 1739 1545; x_wconf 81' lang='grc' dir='ltr'><em>τλήμων</em></span> <span class='ocrx_word' id='word_1_90' title='bbox 1768 1454 1953 1549; x_wconf 73' lang='grc' dir='ltr'><em>ἄνερ,</em></span> 
     </span>
     <span class='ocr_line' id='line_1_17' title="bbox 497 1556 1821 1650; baseline 0 -21"><span class='ocrx_word' id='word_1_91' title='bbox 497 1565 727 1629; x_wconf 83' lang='grc' dir='ltr'><em>κακῶν</em></span> <span class='ocrx_word' id='word_1_92' title='bbox 754 1556 1099 1628; x_wconf 84' lang='grc' dir='ltr'><em>τοσούτων</em></span> <span class='ocrx_word' id='word_1_93' title='bbox 1129 1557 1254 1647; x_wconf 87' lang='grc' dir='ltr'><em>ούχ</em></span> <span class='ocrx_word' id='word_1_94' title='bbox 1282 1556 1444 1650; x_wconf 82' lang='grc' dir='ltr'><em>ὁρᾷς</em></span> <span class='ocrx_word' id='word_1_95' title='bbox 1473 1559 1821 1649; x_wconf 70' lang='grc' dir='ltr'><em>ἐπιρροάςς</em></span> 
     </span>
     <span class='ocr_line' id='line_1_18' title="bbox 497 1655 1849 1752; baseline 0 -21"><span class='ocrx_word' id='word_1_96' title='bbox 497 1661 707 1741; x_wconf 82' lang='grc' dir='ltr'><em>πόσας</em></span> <span class='ocrx_word' id='word_1_97' title='bbox 736 1655 822 1729; x_wconf 81' lang='grc' dir='ltr'><em>ὅίν</em></span> <span class='ocrx_word' id='word_1_98' title='bbox 852 1658 1054 1741; x_wconf 78' lang='grc' dir='ltr'><em>εὐνὰς</em></span> <span class='ocrx_word' id='word_1_99' title='bbox 1081 1659 1398 1752; x_wconf 81' lang='grc' dir='ltr'><em>θυγατέρ’</em></span> <span class='ocrx_word' id='word_1_100' title='bbox 1434 1659 1849 1750; x_wconf 82' lang='grc' dir='ltr'><em>ἠδικημένην</em></span> 
     </span>
     <span class='ocr_line' id='line_1_19' title="bbox 499 1757 1905 1853; baseline 0.001 -21"><span class='ocrx_word' id='word_1_101' title='bbox 499 1760 748 1852; x_wconf 85' lang='grc' dir='ltr'><em>βούλοι’</em></span> <span class='ocrx_word' id='word_1_102' title='bbox 789 1757 874 1833; x_wconf 70' lang='grc' dir='ltr'><em>ἂν</em></span> <span class='ocrx_word' id='word_1_103' title='bbox 904 1759 1134 1853; x_wconf 79' lang='grc' dir='ltr'><em>εὑρεῖν</em></span> <span class='ocrx_word' id='word_1_104' title='bbox 1165 1760 1208 1851; x_wconf 79' lang='grc' dir='ltr'><strong><em>ἦ</em></strong></span> <span class='ocrx_word' id='word_1_105' title='bbox 1237 1774 1489 1833; x_wconf 82' lang='grc' dir='ltr'><em>παθεῖν</em></span> <span class='ocrx_word' id='word_1_106' title='bbox 1517 1761 1659 1853; x_wconf 80' lang='grc' dir='ltr'><em>ἁγῶ</em></span> <span class='ocrx_word' id='word_1_107' title='bbox 1689 1766 1905 1853; x_wconf 80' lang='grc' dir='ltr'><em>λέγω;</em></span> 
     </span>
    </p>

    <p class='ocr_par' dir='ltr' id='par_1_7' title="bbox 498 1863 2031 2264">
     <span class='ocr_line' id='line_1_20' title="bbox 498 1863 2031 1958; baseline 0.002 -24"><span class='ocrx_word' id='word_1_108' title='bbox 498 1863 580 1935; x_wconf 78' lang='grc' dir='ltr'><em>οὐ</em></span> <span class='ocrx_word' id='word_1_109' title='bbox 608 1864 734 1957; x_wconf 79' lang='grc' dir='ltr'><em>χρὴ</em></span> <span class='ocrx_word' id='word_1_110' title='bbox 763 1863 864 1935; x_wconf 83' lang='grc' dir='ltr'><em>’πὶ</em></span> <span class='ocrx_word' id='word_1_111' title='bbox 891 1882 1153 1958; x_wconf 78' lang='grc' dir='ltr'><em>μικροῖς</em></span> <span class='ocrx_word' id='word_1_112' title='bbox 1179 1866 1435 1956; x_wconf 80' lang='grc' dir='ltr'><em>μεγάλα</em></span> <span class='ocrx_word' id='word_1_113' title='bbox 1463 1865 1831 1958; x_wconf 85' lang='grc' dir='ltr'><em>πορσύνειν</em></span> <span class='ocrx_word' id='word_1_114' title='bbox 1857 1865 2031 1937; x_wconf 77' lang='grc' dir='ltr'><em>κακὰ</em></span> 
     </span>
     <span class='ocr_line' id='line_1_21' title="bbox 499 1965 1883 2060; baseline 0.001 -22"><span class='ocrx_word' id='word_1_115' title='bbox 499 1965 678 2056; x_wconf 80' lang='grc' dir='ltr'><em>οὐδ’,</em></span> <span class='ocrx_word' id='word_1_116' title='bbox 710 1977 773 2039; x_wconf 87' lang='grc' dir='ltr'><em>εἰ</em></span> <span class='ocrx_word' id='word_1_117' title='bbox 794 1973 1112 2058; x_wconf 77' lang='grc' dir='ltr'><em>γυναῖκές</em></span> <span class='ocrx_word' id='word_1_118' title='bbox 1142 1973 1343 2058; x_wconf 84' lang='grc' dir='ltr'><em>ἐσμεν</em></span> <span class='ocrx_word' id='word_1_119' title='bbox 1372 1967 1624 2060; x_wconf 77' lang='grc' dir='ltr'><em>ἀτηρὸν</em></span> <span class='ocrx_word' id='word_1_120' title='bbox 1652 1969 1883 2058; x_wconf 82' lang='grc' dir='ltr'><em>κακόν,</em></span> 
     </span>
     <span class='ocr_line' id='line_1_22' title="bbox 498 2069 1857 2161; baseline 0.001 -21"><span class='ocrx_word' id='word_1_121' title='bbox 498 2069 750 2161; x_wconf 69' lang='grc' dir='ltr'><em>ἄνδρας</em></span> <span class='ocrx_word' id='word_1_122' title='bbox 778 2073 1090 2159; x_wconf 82' lang='grc' dir='ltr'><em>γυναιξὶν</em></span> <span class='ocrx_word' id='word_1_123' title='bbox 1119 2075 1593 2159; x_wconf 79' lang='grc' dir='ltr'><em>ἐξομοιοῦσθαι</em></span> <span class='ocrx_word' id='word_1_124' title='bbox 1624 2071 1857 2161; x_wconf 84' lang='grc' dir='ltr'><em>φύσιν.</em></span> 
     </span>
     <span class='ocr_line' id='line_1_23' title="bbox 498 2169 1885 2264; baseline 0.003 -23"><span class='ocrx_word' id='word_1_125' title='bbox 498 2169 689 2261; x_wconf 80' lang='grc' dir='ltr'><em>ἡμεῖς</em></span> <span class='ocrx_word' id='word_1_126' title='bbox 714 2171 843 2262; x_wconf 78' lang='grc' dir='ltr'><em>γὰρ</em></span> <span class='ocrx_word' id='word_1_127' title='bbox 875 2181 939 2242; x_wconf 83' lang='grc' dir='ltr'><em>εἰ</em></span> <span class='ocrx_word' id='word_1_128' title='bbox 961 2172 1090 2261; x_wconf 82' lang='grc' dir='ltr'><em>σὴν</em></span> <span class='ocrx_word' id='word_1_129' title='bbox 1119 2179 1327 2243; x_wconf 85' lang='grc' dir='ltr'><em>παῖδα</em></span> <span class='ocrx_word' id='word_1_130' title='bbox 1360 2175 1885 2264; x_wconf 80' lang='grc' dir='ltr'><em>φαρμακεύομεν</em></span> 
     </span>
    </p>

    <p class='ocr_par' dir='ltr' id='par_1_8' title="bbox 498 2272 1938 2570">
     <span class='ocr_line' id='line_1_24' title="bbox 499 2272 1938 2366; baseline 0.003 -24"><span class='ocrx_word' id='word_1_131' title='bbox 499 2277 610 2342; x_wconf 82' lang='grc' dir='ltr'><em>καὶ</em></span> <span class='ocrx_word' id='word_1_132' title='bbox 639 2272 862 2362; x_wconf 76' lang='grc' dir='ltr'><em>νηδὺν</em></span> <span class='ocrx_word' id='word_1_133' title='bbox 892 2277 1385 2364; x_wconf 84' lang='grc' dir='ltr'><em>ἐξαμβλοῦμεν,</em></span> <span class='ocrx_word' id='word_1_134' title='bbox 1418 2273 1508 2357; x_wconf 80' lang='grc' dir='ltr'><em>ῶς</em></span> <span class='ocrx_word' id='word_1_135' title='bbox 1536 2275 1705 2365; x_wconf 83' lang='grc' dir='ltr'><em>αὐτὴ</em></span> <span class='ocrx_word' id='word_1_136' title='bbox 1737 2281 1938 2366; x_wconf 80' lang='grc' dir='ltr'><em>λέγει,</em></span> 
     </span>
     <span class='ocr_line' id='line_1_25' title="bbox 499 2371 1687 2467; baseline 0.003 -22"><span class='ocrx_word' id='word_1_137' title='bbox 499 2375 764 2457; x_wconf 81' lang='grc' dir='ltr'><em>ἑκόντες</em></span> <span class='ocrx_word' id='word_1_138' title='bbox 795 2371 921 2444; x_wconf 78' lang='grc' dir='ltr'><em>οὐκ</em></span> <span class='ocrx_word' id='word_1_139' title='bbox 950 2373 1223 2459; x_wconf 73' lang='grc' dir='ltr'><em>ἄκοντες</em></span> <span class='ocrx_word' id='word_1_140' title='bbox 1253 2375 1416 2447; x_wconf 76' lang='grc' dir='ltr'><em>οὐδὲ</em></span> <span class='ocrx_word' id='word_1_141' title='bbox 1445 2379 1687 2467; x_wconf 73' lang='grc' dir='ltr'><em>βώμιοι</em></span> 
     </span>
     <span class='ocr_line' id='line_1_26' title="bbox 498 2475 1818 2570; baseline 0.003 -24"><span class='ocrx_word' id='word_1_142' title='bbox 498 2486 847 2559; x_wconf 88' lang='grc' dir='ltr'><em>πίτνοντες</em></span> <span class='ocrx_word' id='word_1_143' title='bbox 874 2475 1071 2548; x_wconf 75' lang='grc' dir='ltr'><em>αὐτοὶ</em></span> <span class='ocrx_word' id='word_1_144' title='bbox 1096 2479 1221 2568; x_wconf 85' lang='grc' dir='ltr'><em>τὴν</em></span> <span class='ocrx_word' id='word_1_145' title='bbox 1252 2486 1453 2570; x_wconf 81' lang='grc' dir='ltr'><em>δίκην</em></span> <span class='ocrx_word' id='word_1_146' title='bbox 1480 2478 1818 2570; x_wconf 81' lang='grc' dir='ltr'><em>ὑφέξομεν</em></span> 
     </span>
    </p>

    <p class='ocr_par' dir='ltr' id='par_1_9' title="bbox 495 2579 1991 2980">
     <span class='ocr_line' id='line_1_27' title="bbox 498 2579 1873 2672; baseline 0.002 -22"><span class='ocrx_word' id='word_1_147' title='bbox 498 2584 571 2650; x_wconf 81' lang='grc' dir='ltr'><em>ἐν</em></span> <span class='ocrx_word' id='word_1_148' title='bbox 599 2598 774 2651; x_wconf 89' lang='grc' dir='ltr'><em>σοῖσι</em></span> <span class='ocrx_word' id='word_1_149' title='bbox 802 2590 1158 2672; x_wconf 80' lang='grc' dir='ltr'><em>γαμβροῖς,</em></span> <span class='ocrx_word' id='word_1_150' title='bbox 1189 2579 1366 2653; x_wconf 84' lang='grc' dir='ltr'><em>οἷσιν</em></span> <span class='ocrx_word' id='word_1_151' title='bbox 1393 2580 1519 2653; x_wconf 80' lang='grc' dir='ltr'><em>οὐκ</em></span> <span class='ocrx_word' id='word_1_152' title='bbox 1549 2585 1873 2654; x_wconf 79' lang='grc' dir='ltr'><em>ἐλάσσονα</em></span> 
     </span>
     <span class='ocr_line' id='line_1_28' title="bbox 497 2683 1871 2774; baseline 0.002 -22"><span class='ocrx_word' id='word_1_153' title='bbox 497 2685 758 2772; x_wconf 83' lang='grc' dir='ltr'><em>βλάβην</em></span> <span class='ocrx_word' id='word_1_154' title='bbox 787 2683 1039 2772; x_wconf 85' lang='grc' dir='ltr'><em>ὀφείλω</em></span> <span class='ocrx_word' id='word_1_155' title='bbox 1071 2683 1491 2774; x_wconf 86' lang='grc' dir='ltr'><em>προστιθεῖσ’</em></span> <span class='ocrx_word' id='word_1_156' title='bbox 1528 2683 1871 2755; x_wconf 73' lang='grc' dir='ltr'><em>ἀπαιδίαν.</em></span> 
     </span>
     <span class='ocr_line' id='line_1_29' title="bbox 495 2778 1991 2878; baseline 0.003 -25"><span class='ocrx_word' id='word_1_157' title='bbox 495 2783 684 2873; x_wconf 78' lang='grc' dir='ltr'><em>ἡμεῖς</em></span> <span class='ocrx_word' id='word_1_158' title='bbox 710 2786 835 2873; x_wconf 72' lang='grc' dir='ltr'><em>μὲν</em></span> <span class='ocrx_word' id='word_1_159' title='bbox 865 2778 994 2855; x_wconf 76' lang='grc' dir='ltr'><em>οὖν</em></span> <span class='ocrx_word' id='word_1_160' title='bbox 1020 2794 1269 2857; x_wconf 87' lang='grc' dir='ltr'><em>τοιοίδε</em></span> <span class='ocrx_word' id='word_1_161' title='bbox 1288 2811 1302 2824; x_wconf 88' lang='grc'><em>·</em></span> <span class='ocrx_word' id='word_1_162' title='bbox 1347 2796 1461 2876; x_wconf 88' lang='grc' dir='ltr'><em>τῆς</em></span> <span class='ocrx_word' id='word_1_163' title='bbox 1491 2788 1565 2856; x_wconf 77' lang='grc' dir='ltr'><em>δὲ</em></span> <span class='ocrx_word' id='word_1_164' title='bbox 1593 2797 1713 2876; x_wconf 84' lang='grc' dir='ltr'><em>σῆς</em></span> <span class='ocrx_word' id='word_1_165' title='bbox 1741 2787 1991 2878; x_wconf 85' lang='grc' dir='ltr'><em>φρενὸς</em></span> 
     </span>
     <span class='ocr_line' id='line_1_30' title="bbox 497 2889 1822 2980; baseline 0.003 -25"><span class='ocrx_word' id='word_1_166' title='bbox 497 2890 572 2955; x_wconf 79' lang='grc' dir='ltr'><em>ἕν</em></span> <span class='ocrx_word' id='word_1_167' title='bbox 599 2909 724 2956; x_wconf 88' lang='grc' dir='ltr'><em>σου</em></span> <span class='ocrx_word' id='word_1_168' title='bbox 755 2889 1028 2957; x_wconf 82' lang='grc' dir='ltr'><em>δέδοικα</em></span> <span class='ocrx_word' id='word_1_169' title='bbox 1048 2910 1061 2925; x_wconf 88' lang='grc'><em>·</em></span> <span class='ocrx_word' id='word_1_170' title='bbox 1107 2889 1220 2958; x_wconf 79' lang='grc' dir='ltr'><em>διὰ</em></span> <span class='ocrx_word' id='word_1_171' title='bbox 1249 2897 1647 2978; x_wconf 80' lang='grc' dir='ltr'><em>γυναικείαν</em></span> <span class='ocrx_word' id='word_1_172' title='bbox 1676 2897 1822 2980; x_wconf 81' lang='grc' dir='ltr'><em>ἔριν</em></span> 
     </span>
    </p>

    <p class='ocr_par' dir='ltr' id='par_1_10' title="bbox 497 2988 1968 3185">
     <span class='ocr_line' id='line_1_31' title="bbox 498 2988 1968 3083; baseline 0.001 -26"><span class='ocrx_word' id='word_1_173' title='bbox 498 2991 611 3058; x_wconf 82' lang='grc' dir='ltr'><em>καὶ</em></span> <span class='ocrx_word' id='word_1_174' title='bbox 641 2988 764 3078; x_wconf 82' lang='grc' dir='ltr'><em>τὴν</em></span> <span class='ocrx_word' id='word_1_175' title='bbox 791 2989 1116 3060; x_wconf 80' lang='grc' dir='ltr'><em>τάλαιναν</em></span> <span class='ocrx_word' id='word_1_176' title='bbox 1137 2989 1391 3073; x_wconf 80' lang='grc' dir='ltr'><em>ῶλεσας</em></span> <span class='ocrx_word' id='word_1_177' title='bbox 1411 3003 1712 3083; x_wconf 85' lang='grc' dir='ltr'><em>Φρυγῶν</em></span> <span class='ocrx_word' id='word_1_178' title='bbox 1750 2996 1968 3062; x_wconf 86' lang='grc' dir='ltr'><em>πόλιν.</em></span> 
     </span>
     <span class='ocr_line' id='line_1_32' title="bbox 497 3089 1778 3185; baseline 0.005 -26"><span class='ocrx_word' id='word_1_179' title='bbox 497 3089 669 3178; x_wconf 77' lang='grc' dir='ltr'><em>ἄγαν</em></span> <span class='ocrx_word' id='word_1_180' title='bbox 698 3099 920 3175; x_wconf 80' lang='grc' dir='ltr'><em>ἔλεξας</em></span> <span class='ocrx_word' id='word_1_181' title='bbox 951 3090 1040 3174; x_wconf 80' lang='grc' dir='ltr'><em>ῶς</em></span> <span class='ocrx_word' id='word_1_182' title='bbox 1066 3093 1242 3182; x_wconf 86' lang='grc' dir='ltr'><em>γυνὴ</em></span> <span class='ocrx_word' id='word_1_183' title='bbox 1271 3093 1438 3185; x_wconf 87' lang='grc' dir='ltr'><em>πρὸς</em></span> <span class='ocrx_word' id='word_1_184' title='bbox 1470 3092 1778 3184; x_wconf 69' lang='grc' dir='ltr'><em>ἄρσενας,</em></span> 
     </span>
    </p>

    <p class='ocr_par' dir='ltr' id='par_1_11' title="bbox 497 3193 2013 3594">
     <span class='ocr_line' id='line_1_33' title="bbox 499 3193 1923 3288; baseline 0.003 -26"><span class='ocrx_word' id='word_1_185' title='bbox 499 3201 622 3262; x_wconf 82' lang='grc' dir='ltr'><em>καί</em></span> <span class='ocrx_word' id='word_1_186' title='bbox 641 3217 764 3264; x_wconf 89' lang='grc' dir='ltr'><em>σου</em></span> <span class='ocrx_word' id='word_1_187' title='bbox 794 3193 868 3263; x_wconf 86' lang='grc' dir='ltr'><em>τὸ</em></span> <span class='ocrx_word' id='word_1_188' title='bbox 898 3202 1176 3285; x_wconf 87' lang='grc' dir='ltr'><em>σῶφρον</em></span> <span class='ocrx_word' id='word_1_189' title='bbox 1204 3198 1622 3280; x_wconf 80' lang='grc' dir='ltr'><em>ἐξετόξευσεν</em></span> <span class='ocrx_word' id='word_1_190' title='bbox 1652 3198 1923 3288; x_wconf 85' lang='grc' dir='ltr'><em>φρενός.</em></span> 
     </span>
     <span class='ocr_line' id='line_1_34' title="bbox 501 3294 1907 3391; baseline 0.003 -26"><span class='ocrx_word' id='word_1_191' title='bbox 501 3297 736 3386; x_wconf 87' lang='grc' dir='ltr'><em>γύναι,</em></span> <span class='ocrx_word' id='word_1_192' title='bbox 767 3294 916 3366; x_wconf 76' lang='grc' dir='ltr'><em>τάδ’</em></span> <span class='ocrx_word' id='word_1_193' title='bbox 950 3301 1088 3367; x_wconf 82' lang='grc' dir='ltr'><em>ἐστὶ</em></span> <span class='ocrx_word' id='word_1_194' title='bbox 1119 3298 1366 3387; x_wconf 75' lang='grc' dir='ltr'><em>σμικρὰ</em></span> <span class='ocrx_word' id='word_1_195' title='bbox 1395 3303 1507 3369; x_wconf 83' lang='grc' dir='ltr'><em>καὶ</em></span> <span class='ocrx_word' id='word_1_196' title='bbox 1541 3308 1907 3391; x_wconf 80' lang='grc' dir='ltr'><em>μοναρχίας</em></span> 
     </span>
     <span class='ocr_line' id='line_1_35' title="bbox 497 3396 1992 3490; baseline 0.002 -23"><span class='ocrx_word' id='word_1_197' title='bbox 497 3397 622 3470; x_wconf 80' lang='grc' dir='ltr'><em>οὐκ</em></span> <span class='ocrx_word' id='word_1_198' title='bbox 651 3396 794 3488; x_wconf 74' lang='grc' dir='ltr'><em>ἄξι’,</em></span> <span class='ocrx_word' id='word_1_199' title='bbox 828 3397 916 3480; x_wconf 80' lang='grc' dir='ltr'><em>ῶς</em></span> <span class='ocrx_word' id='word_1_200' title='bbox 948 3397 1110 3488; x_wconf 78' lang='grc' dir='ltr'><em>φής,</em></span> <span class='ocrx_word' id='word_1_201' title='bbox 1144 3410 1260 3490; x_wconf 84' lang='grc' dir='ltr'><em>τῆς</em></span> <span class='ocrx_word' id='word_1_202' title='bbox 1288 3407 1447 3490; x_wconf 78' lang='grc' dir='ltr'><em>ἐμῆς</em></span> <span class='ocrx_word' id='word_1_203' title='bbox 1475 3399 1627 3472; x_wconf 78' lang='grc' dir='ltr'><em>οὐδ’</em></span> <span class='ocrx_word' id='word_1_204' title='bbox 1657 3400 1992 3483; x_wconf 77' lang='grc' dir='ltr'><em>Ἑλλάδος.</em></span> 
     </span>
     <span class='ocr_line' id='line_1_36' title="bbox 498 3493 2013 3594; baseline 0.002 -23"><span class='ocrx_word' id='word_1_205' title='bbox 498 3493 576 3571; x_wconf 75' lang='grc' dir='ltr'><em>εὖ</em></span> <span class='ocrx_word' id='word_1_206' title='bbox 603 3500 668 3572; x_wconf 89' lang='grc' dir='ltr'><em>δ’</em></span> <span class='ocrx_word' id='word_1_207' title='bbox 704 3499 862 3590; x_wconf 76' lang='grc' dir='ltr'><em>ἴσθ’,</em></span> <span class='ocrx_word' id='word_1_208' title='bbox 895 3499 1052 3573; x_wconf 79' lang='grc' dir='ltr'><em>ὅτου</em></span> <span class='ocrx_word' id='word_1_209' title='bbox 1081 3532 1179 3585; x_wconf 88' lang='grc' dir='ltr'><em>τις</em></span> <span class='ocrx_word' id='word_1_210' title='bbox 1206 3505 1521 3594; x_wconf 79' lang='grc' dir='ltr'><em>τυγχάνει</em></span> <span class='ocrx_word' id='word_1_211' title='bbox 1548 3513 1781 3594; x_wconf 86' lang='grc' dir='ltr'><em>χρείαν</em></span> <span class='ocrx_word' id='word_1_212' title='bbox 1818 3513 2013 3592; x_wconf 81' lang='grc' dir='ltr'><em>ἔχων,</em></span> 
     </span>
    </p>
   </div>
   <div class='ocr_carea' id='block_1_6' title="bbox 2188 656 2303 710">
    <p class='ocr_par' dir='ltr' id='par_1_12' title="bbox 2188 656 2303 710">
     <span class='ocr_line' id='line_1_37' title="bbox 2188 656 2303 710; baseline -0.009 0"><span class='ocrx_word' id='word_1_213' title='bbox 2188 656 2303 710; x_wconf 80' lang='grc'><em>340</em></span> 
     </span>
    </p>
   </div>
   <div class='ocr_carea' id='block_1_7' title="bbox 2188 1171 2298 1225">
    <p class='ocr_par' dir='ltr' id='par_1_13' title="bbox 2188 1171 2298 1225">
     <span class='ocr_line' id='line_1_38' title="bbox 2188 1171 2298 1225; baseline 0 0"><span class='ocrx_word' id='word_1_214' title='bbox 2188 1171 2298 1225; x_wconf 77' lang='lat'><em>345</em></span> 
     </span>
    </p>
   </div>
   <div class='ocr_carea' id='block_1_8' title="bbox 2183 1660 2293 1736">
    <p class='ocr_par' dir='ltr' id='par_1_14' title="bbox 2183 1660 2293 1736">
     <span class='ocr_line' id='line_1_39' title="bbox 2183 1660 2293 1736; baseline -0.036 0"><span class='ocrx_word' id='word_1_215' title='bbox 2183 1660 2293 1736; x_wconf 65' lang='lat'><em>350</em></span> 
     </span>
    </p>
   </div>
   <div class='ocr_carea' id='block_1_9' title="bbox 2182 2193 2287 2248">
    <p class='ocr_par' dir='ltr' id='par_1_15' title="bbox 2182 2193 2287 2248">
     <span class='ocr_line' id='line_1_40' title="bbox 2182 2193 2287 2248; baseline -0.019 0"><span class='ocrx_word' id='word_1_216' title='bbox 2182 2193 2287 2248; x_wconf 80' lang='lat'><em>355</em></span> 
     </span>
    </p>
   </div>
   <div class='ocr_carea' id='block_1_10' title="bbox 2180 2703 2288 2758">
    <p class='ocr_par' dir='ltr' id='par_1_16' title="bbox 2180 2703 2288 2758">
     <span class='ocr_line' id='line_1_41' title="bbox 2180 2703 2288 2758; baseline 0 0"><span class='ocrx_word' id='word_1_217' title='bbox 2180 2703 2288 2758; x_wconf 85' lang='lat'><em>360</em></span> 
     </span>
    </p>
   </div>
   <div class='ocr_carea' id='block_1_11' title="bbox 2180 3213 2287 3268">
    <p class='ocr_par' dir='ltr' id='par_1_17' title="bbox 2180 3213 2287 3268">
     <span class='ocr_line' id='line_1_42' title="bbox 2180 3213 2287 3268; baseline -0.019 0"><span class='ocrx_word' id='word_1_218' title='bbox 2180 3213 2287 3268; x_wconf 78' lang='lat'><em>365</em></span> 
     </span>
    </p>
   </div>
  </div>
 </body>
</html>
