2492 3900
347 185 586 237 XLVIII
653 183 754 233 DE
793 181 1184 233 CODICIBVS
1223 140 1650 233 E⁵VRIP1DEIS
1682 180 1778 230 ET
1815 181 2309 234 EDITIONIBVS

349 334 592 395 Photius
636 333 777 395 Lex.
823 354 883 412 p.
932 337 1074 412 168,
1121 337 1231 395 13:
1279 337 1496 416 κλῇσαι
1538 333 1600 392 οἱ
1637 327 1869 410 ἀρχαῖοι
1911 329 2220 410 λέγουσιν,
2269 329 2344 393 οὗ

350 422 594 494 κλεῖσαι,
640 416 742 477 καὶ
781 417 1000 499 ati-fida·
1045 415 1204 477 οὕτω
1247 414 1349 475 καὶ
1382 417 1443 476 οἱ
1482 415 1746 496 τραγικοὶ
1787 415 1889 476 καὶ
1933 415 2343 494 Θουκυδίδης.

350 503 572 563 formas
614 500 838 580 αἰετός,
881 501 1097 580 κλαίω,
1143 501 1293 561 καίω
1351 503 1594 578 tragicis
1637 503 1833 579 poetis
1878 518 1996 561 non
2044 498 2346 578 abrogan-

353 586 457 646 das
513 584 802 646 arbitror:
861 588 1006 645 item
1059 586 1275 662 opinor
1329 585 1453 645 αἰεί
1500 584 1930 653 revocandum,
2000 583 2104 644 ubi
2174 586 2345 663 prior

357 670 581 746 syllaba
624 670 1014 747 producatur,
1081 670 1154 730 cf.
1206 667 1512 729 Wecklein
1557 669 1695 730 Cur.
1742 669 1927 747 epigr.
1972 686 2031 746 p.
2081 671 2344 748 63,sqq.

357 758 429 810 ὼε
493 757 788 830 praesenti
849 760 907 813 et
969 754 1170 813 t'uturo
1227 752 1453 813 formae
1507 753 1774 830 passivae
1828 761 1889 813 et
1943 751 2178 811 mediae
2232 753 2347 813 du·

357 838 581 898 nitatur
623 845 824 896 utrum
885 834 1097 896 litteris
1146 838 1249 894 HI
1298 854 1373 896 an
1431 835 1840 897 EI-secunda
1896 853 2151 915 persona
2226 855 2346 897 nu-

357 926 503 978 nursi
537 919 858 996 singularis
901 919 1056 998 apud
1106 922 1363 998 tragicos
1392 919 1652 980 Graecos
1696 919 2011 981 scribenda
2052 921 2143 980 sit.
2218 920 2345 982 dis-

361 1010 622 1065 sentiunt
667 1023 736 1065 ea
779 1004 853 1065 ‹le
899 1022 966 1064 re
1007 1005 1167 1065 inter
1212 1023 1279 1065 se
1323 1012 1557 1064 veteres
1599 1007 1988 1082 grammatici,
2036 1003 2192 1064 tituli
2235 1023 2348 1066 nos

357 1090 698 1150 destituunt.
763 1106 872 1166 ego
901 1097 1210 1168 receptum
1243 1106 1473 1148 morem
1512 1096 1750 1148 secutus
1781 1090 1876 1147 EI
1908 1087 2348 1167 diphthongum

361 1172 630 1250 praetuli,
677 1190 789 1233 nec
832 1183 1032 1233 tamen
1077 1174 1269 1233 ausim
1312 1170 1499 1232 libros
1529 1172 1649 1232 vitii
1681 1189 1951 1250 arguere,
1997 1174 2061 1232 in
2106 1173 2341 1251 quibus,

357 1258 405 1314 si
453 1278 477 1314 a
541 1256 747 1318 formis
801 1254 1002 1335 βούλει
1055 1254 1168 1316 οἴει
1212 1253 1355 1331 ὄψει
1399 1254 1784 1325 discesseris,
1849 1257 2188 1317 terminatio
2236 1259 2341 1316 111

361 1342 545 1398 multu
593 1348 679 1399 est
724 1336 1200 1418 frequentior-⁹⁸).

489 1425 767 1483 [tationes
810 1425 1204 1484 mutationum
1246 1432 1587 1484 nostrarum
1618 1421 1708 1483 vel
1750 1423 2159 1501 suspicionum
2202 1425 2341 1485 red·

357 1510 497 1566 *iera
545 1525 652 1586 per
711 1507 1109 1568 annotationis
1154 1509 1396 1568 criticae
1452 1509 1752 1584 angustias
1795 1524 1916 1567 non
1961 1506 2144 1567 licuit.
2237 1510 2341 1570 sed

361 1594 589 1666 [limina
633 1599 691 1651 et
735 1594 1071 1651 accuratius
1116 1589 1190 1649 de
1237 1590 1506 1668 plurimis
1537 1589 1838 1668 Euripidis
1883 1589 2029 1651 locis
2072 1590 2344 1670 disputa·

361 1678 545 1734 rimus
593 1677 651 1734 in
707 1673 1308 1735 commentationibus
1367 1673 1598 1736 duabus
1652 1673 2151 1750 (Euripideae'scke
2195 1676 2346 1737 Stu-

357 1762 525 1826 dien,
573 1762 616 1818 I.
665 1757 757 1836 ll.)
804 1757 1108 1836 Petropoli
1164 1776 1216 1818 a.
1270 1760 1432 1818 1859
1488 1766 1547 1818 et
1605 1760 1766 1818 1862
1828 1757 2032 1818 editis:
2089 1776 2348 1838 quarum

361 1846 521 1918 prim·
577 1849 802 1921 spectat
857 1843 927 1902 ad
975 1842 1115 1903 Hec.
1165 1842 1269 1903 Or.
1316 1842 1537 1902 Phoen.
1580 1842 1766 1908 Med..
1813 1840 1999 1903 altera
2044 1841 2114 1902 ad
2162 1842 2346 1922 Hipp.

357 1926 481 1986 silv..
529 1926 706 1987 Andr.
739 1926 876 1988 Tro.
926 1926 1106 2006 Rhes.
1155 1924 1560 1988 similiter-de
1606 1925 1822 1986 ceteris
1865 1925 2074 1987 decem
2118 1924 2348 1990 fabulis

361 2013 654 2072 dissertare
708 2014 774 2072 in
820 2013 1014 2072 animo
1071 2019 1229 2072 erat:
1289 2010 1448 2090 quod
1504 2008 1813 2072 consilium
1859 2011 2181 2087 quominus
2236 2032 2345 2074 ex·

361 2112 749 2170 sequeremur
792 2094 1149 2156 obstiterunt
1202 2095 1397 2156 adhuc
1441 2093 1625 2156 multa
1665 2100 1725 2155 et
1766 2096 1927 2154 varia
1972 2094 2191 2174 quibus
2234 2096 2346 2157 ob-

361 2182 477 2234 ruti
525 2194 764 2238 eramus
819 2181 1078 2253 negotia.
1167 2177 1488 2239 accedebat
1533 2178 1691 2256 quod
1743 2179 2348 2241 commentationibus

361 2259 473 2319 illis
517 2262 755 2339 aeriptIs
800 2267 860 2320 et
903 2261 1078 2322 editis
1132 2260 1397 2324 laborem
1450 2280 1641 2341 paene
1697 2263 1935 2325 irritum
1984 2282 2013 2323 a
2058 2281 2155 2324 me
2211 2282 2347 2325 sus-

361 2355 597 2419 ceptum
676 2361 808 2405 esse
881 2361 1014 2405 sero
1096 2345 1381 2407 intellexi.
1490 2348 1771 2407 nimirum
1846 2347 2046 2408 idonei
2116 2346 2349 2409 iudices

361 2427 706 2507 plerumque
751 2426 927 2489 nullis
969 2430 1238 2508 indigent
1282 2433 1665 2509 argumentis,
1712 2429 1928 2509 quibus
1972 2430 2345 2494 coniectura-

357 2531 485 2571 rum
537 2511 918 2591 probabilitas
948 2512 1040 2574 vel
1085 2514 1565 2575 emendationum
1594 2516 1923 2576 necessitas
1966 2514 2349 2578 demonstre-

361 2607 485 2655 ΠΜ
525 2599 625 2671 qui
655 2614 764 2674 per
793 2615 859 2659 se
889 2615 1097 2676 sapere
1128 2616 1246 2659 non
1279 2597 1616 2668 didicerint,
1650 2599 1824 2658 etiam
1856 2599 2346 2676 gravissimarum

361 2687 654 2743 rationum
700 2682 817 2742 vim
871 2682 1162 2743 machinis
1206 2682 1717 2761 qualibuscunque
1778 2681 2223 2761 subterfugient
2285 2693 2348 2744 et

361 2763 614 2824 ebuli-nt.
704 2782 838 2825 cum
907 2767 1121 2827 scirem
1186 2765 1518 2842 philologos
1584 2764 1867 2845 quosdam
1936 2766 2219 2844 (rectius,
2278 2776 2349 2828 ut

357 2851 601 2923 opinor,
656 2847 1013 2927 φιλαλόγονς
1069 2847 1323 2928 dixeris)
1384 2848 1686 2928 quaelibet
1754 2849 2029 2914 codicum
2085 2854 2227 2912 vitia
2288 2860 2348 2911 et

357 2935 727 2993 inanissimas
771 2930 1266 3010 interpolationes
1310 2932 1402 2993 vel
1463 2950 1746 2994 excusare
1790 2934 1880 2994 vel
1925 2933 2199 2996 laudibus
2244 2954 2345 2995 ex·

493 3131 581 3196 [¹¹3]
616 3132 809 3195 Nuper
843 3130 989 3183 hane
1027 3134 1412 3198 quaestionem
1445 3134 1643 3199 tetigit
1667 3133 1964 3186 Wecklein
2000 3133 2130 3186 Cur.
2168 3136 2347 3201 epigr.

361 3215 409 3259 p.
441 3203 521 3252 ΞΕ,
561 3197 655 3260 qui
685 3196 1027 3265 diphthongo
1055 3200 1142 3251 ΕΙ
1175 3202 1574 3264 patrocinatur.
1616 3202 1688 3251 ad
1723 3202 1984 3253 tuendam
2010 3202 2347 3268 scripturam

357 3283 393 3327 ‘ff
433 3263 661 3314 vidimus
696 3280 954 3329 perverse
989 3266 1267 3331 prolatum
1302 3268 1483 3318 locum
1507 3268 1812 3334 Phryniohi
1848 3271 1907 3319 in
1930 3269 2139 3321 Anecd.
2164 3270 2344 3325 Bekk.

361 3347 409 3391 μ.
441 3335 529 3403 jn.
569 3332 660 3381 28:
701 3323 969 3399 ἄποφέρῃ
1002 3330 1218 3385 πλέων·
1259 3330 1386 3386 οἷον
1409 3330 1725 3404 παραφέρῃ
1760 3334 1860 3387 καὶ
1884 3329 2204 3404 παρασύρῃ,
2241 3330 2345 3387 διὰ

361 3415 461 3443 fon
505 3415 553 3459 η,
589 3398 684 3448 ubi
718 3401 890 3450 verba.
929 3406 1177 3451 extrema
1215 3402 1461 3453 absurda
1499 3407 1659 3454 sunt:
1701 3404 1751 3454 si
1785 3418 1926 3454 sana
1962 3409 2167 3466 essent,
2208 3404 2347 3454 indi-

361 3471 517 3539 uasr-ft
557 3463 900 3530 Phrynichus
935 3468 1256 3534 plerumque
1281 3468 1506 3522 Atticos
1538 3484 1606 3534 u,
1645 3485 1771 3522 raro
1795 3487 1833 3537 ῃ
1868 3471 2022 3521 iniis
2049 3470 2118 3520 de
2145 3471 2347 3536 quibus

361 3539 545 3591 ugttur
581 3532 769 3585 formis
805 3548 1119 3600 usurpasse.
