<?xml version="1.0" encoding="UTF-8"?>
<!DOCTYPE html PUBLIC "-//W3C//DTD XHTML 1.0 Transitional//EN"
    "http://www.w3.org/TR/xhtml1/DTD/xhtml1-transitional.dtd">
<html xmlns="http://www.w3.org/1999/xhtml" xml:lang="en" lang="en">
 <head>
  <title>
</title>
<meta http-equiv="Content-Type" content="text/html;charset=utf-8" />
  <meta name='ocr-system' content='tesseract 3.04.00' />
  <meta name='ocr-capabilities' content='ocr_page ocr_carea ocr_par ocr_line ocrx_word'/>
</head>
<body>
  <div class='ocr_page' id='page_1' title='image "./evripidistragoe03eurigoog/evripidistragoe03eurigoog_0545.png"; bbox 0 0 2492 3900; ppageno 0'>
   <div class='ocr_carea' id='block_1_1' title="bbox 943 151 2191 220">
    <p class='ocr_par' dir='ltr' id='par_1_1' title="bbox 943 151 2191 220">
     <span class='ocr_line' id='line_1_1' title="bbox 943 151 2191 220; baseline 0.006 -9"><span class='ocrx_word' id='word_1_1' title='bbox 943 151 1114 211; x_wconf 82' lang='lat'><em>11111</em></span> <span class='ocrx_word' id='word_1_2' title='bbox 1114 152 1456 213; x_wconf 76' lang='grc' dir='ltr'><em>ΟΛΤΤΟΣ</em></span> <span class='ocrx_word' id='word_1_3' title='bbox 2071 154 2191 220; x_wconf 85' lang='grc'><strong><em>431</em></strong></span> 
     </span>
    </p>
   </div>
   <div class='ocr_carea' id='block_1_2' title="bbox 169 314 2193 3538">
    <p class='ocr_par' dir='ltr' id='par_1_2' title="bbox 407 314 2193 611">
     <span class='ocr_line' id='line_1_2' title="bbox 411 314 2193 411; baseline 0.003 -21"><span class='ocrx_word' id='word_1_4' title='bbox 411 316 538 390; x_wconf 79' lang='grc' dir='ltr'><strong><em>οὐκ</em></strong></span> <span class='ocrx_word' id='word_1_5' title='bbox 566 316 651 389; x_wconf 70' lang='grc' dir='ltr'><strong><em>ἄν</em></strong></span> <span class='ocrx_word' id='word_1_6' title='bbox 677 315 827 388; x_wconf 84' lang='grc' dir='ltr'><strong><em>ποτ’</em></strong></span> <span class='ocrx_word' id='word_1_7' title='bbox 863 316 1064 405; x_wconf 74' lang='grc' dir='ltr'><strong><em>εὐνῆς</em></strong></span> <span class='ocrx_word' id='word_1_8' title='bbox 1104 317 1310 408; x_wconf 79' lang='grc' dir='ltr'><strong><em>εἵνεχ’</em></strong></span> <span class='ocrx_word' id='word_1_9' title='bbox 1353 314 1601 408; x_wconf 80' lang='grc' dir='ltr'><strong><em>ἡδονῆς</em></strong></span> <span class='ocrx_word' id='word_1_10' title='bbox 1628 348 1700 391; x_wconf 85' lang='grc' dir='ltr'><strong><em>τε</em></strong></span> <span class='ocrx_word' id='word_1_11' title='bbox 1724 326 1867 411; x_wconf 81' lang='grc' dir='ltr'><strong><em>σῆς]</em></strong></span> <span class='ocrx_word' id='word_1_12' title='bbox 2091 339 2193 395; x_wconf 79' lang='lat'><strong><em>495</em></strong></span> 
     </span>
     <span class='ocr_line' id='line_1_3' title="bbox 413 413 1959 513; baseline 0.003 -24"><span class='ocrx_word' id='word_1_13' title='bbox 413 429 550 501; x_wconf 71' lang='grc' dir='ltr'><strong><em>πῶς</em></strong></span> <span class='ocrx_word' id='word_1_14' title='bbox 593 413 758 506; x_wconf 84' lang='grc' dir='ltr'><strong><em>ἦγον</em></strong></span> <span class='ocrx_word' id='word_1_15' title='bbox 783 416 870 489; x_wconf 74' lang='grc' dir='ltr'><strong><em>ἄν</em></strong></span> <span class='ocrx_word' id='word_1_16' title='bbox 897 445 974 489; x_wconf 87' lang='grc' dir='ltr'><strong><em>σε</em></strong></span> <span class='ocrx_word' id='word_1_17' title='bbox 1007 425 1241 507; x_wconf 85' lang='grc' dir='ltr'><strong><em>δεῦρο;</em></strong></span> <span class='ocrx_word' id='word_1_18' title='bbox 1278 426 1410 490; x_wconf 82' lang='grc' dir='ltr'><strong><em>νῦν</em></strong></span> <span class='ocrx_word' id='word_1_19' title='bbox 1438 419 1512 491; x_wconf 91' lang='grc' dir='ltr'><strong><em>δ’</em></strong></span> <span class='ocrx_word' id='word_1_20' title='bbox 1544 419 1731 511; x_wconf 74' lang='grc' dir='ltr'><strong><em>ἄγων</em></strong></span> <span class='ocrx_word' id='word_1_21' title='bbox 1754 426 1959 513; x_wconf 91' lang='grc' dir='ltr'><strong><em>μέγας</em></strong></span> 
     </span>
     <span class='ocr_line' id='line_1_4' title="bbox 407 518 1801 611; baseline 0.001 -20"><span class='ocrx_word' id='word_1_22' title='bbox 407 530 617 593; x_wconf 74' lang='grc' dir='ltr'><strong><em>σῶσαι</em></strong></span> <span class='ocrx_word' id='word_1_23' title='bbox 643 528 798 610; x_wconf 85' lang='grc' dir='ltr'><strong><em>βίον</em></strong></span> <span class='ocrx_word' id='word_1_24' title='bbox 824 518 982 609; x_wconf 89' lang='grc' dir='ltr'><strong><em>σόν,</em></strong></span> <span class='ocrx_word' id='word_1_25' title='bbox 1019 519 1190 591; x_wconf 81' lang='grc' dir='ltr'><strong><em>κούκ</em></strong></span> <span class='ocrx_word' id='word_1_26' title='bbox 1217 524 1599 611; x_wconf 79' lang='grc' dir='ltr'><strong><em>ἐπίφθονον</em></strong></span> <span class='ocrx_word' id='word_1_27' title='bbox 1627 524 1801 595; x_wconf 87' lang='grc' dir='ltr'><strong><em>τόδε.</em></strong></span> 
     </span>
    </p>

    <p class='ocr_par' dir='ltr' id='par_1_3' title="bbox 175 616 1920 816">
     <span class='ocr_line' id='line_1_5' title="bbox 175 616 1803 715; baseline 0.002 -20"><span class='ocrx_word' id='word_1_28' title='bbox 175 634 362 697; x_wconf 86' lang='grc' dir='ltr'><strong><em>ΦΑῙ.</em></strong></span> <span class='ocrx_word' id='word_1_29' title='bbox 397 616 452 693; x_wconf 76' lang='grc' dir='ltr'><em>ὦ</em></span> <span class='ocrx_word' id='word_1_30' title='bbox 481 620 672 693; x_wconf 77' lang='grc' dir='ltr'><strong><em>δεινὰ</em></strong></span> <span class='ocrx_word' id='word_1_31' title='bbox 698 620 942 710; x_wconf 81' lang='grc' dir='ltr'><strong><em>λέξασ’,</em></strong></span> <span class='ocrx_word' id='word_1_32' title='bbox 973 620 1124 710; x_wconf 81' lang='grc' dir='ltr'><strong><em>οὐχὶ</em></strong></span> <span class='ocrx_word' id='word_1_33' title='bbox 1156 626 1556 713; x_wconf 83' lang='grc' dir='ltr'><strong><em>συγκλῄσεις</em></strong></span> <span class='ocrx_word' id='word_1_34' title='bbox 1595 626 1803 715; x_wconf 84' lang='grc' dir='ltr'><em>στόμα</em></span> 
     </span>
     <span class='ocr_line' id='line_1_6' title="bbox 405 715 1921 816; baseline 0.002 -21"><span class='ocrx_word' id='word_1_35' title='bbox 405 727 518 795; x_wconf 87' lang='grc' dir='ltr'><strong><em>καὶ</em></strong></span> <span class='ocrx_word' id='word_1_36' title='bbox 545 722 634 811; x_wconf 86' lang='grc' dir='ltr'><strong><em>μὴ</em></strong></span> <span class='ocrx_word' id='word_1_37' title='bbox 665 725 982 813; x_wconf 80' lang='grc' dir='ltr'><strong><em>μεθήσεις</em></strong></span> <span class='ocrx_word' id='word_1_38' title='bbox 1007 715 1212 804; x_wconf 78' lang='grc' dir='ltr'><strong><em>αὖθις</em></strong></span> <span class='ocrx_word' id='word_1_39' title='bbox 1239 732 1619 814; x_wconf 77' lang='grc' dir='ltr'><em>αἰσχίστους</em></span> <span class='ocrx_word' id='word_1_40' title='bbox 1645 727 1921 816; x_wconf 80' lang='grc' dir='ltr'><em>λόγους,</em></span> <span class='ocrx_word' id='word_1_41' title='bbox 1906 760 1920 777; x_wconf 83' lang='grc'><em>·</em></span> 
     </span>
    </p>

    <p class='ocr_par' dir='ltr' id='par_1_4' title="bbox 183 822 2187 1020">
     <span class='ocr_line' id='line_1_7' title="bbox 183 822 2187 915; baseline 0.003 -20"><span class='ocrx_word' id='word_1_42' title='bbox 183 836 309 896; x_wconf 87' lang='grc' dir='ltr'><strong><em>ΤΡ.</em></strong></span> <span class='ocrx_word' id='word_1_43' title='bbox 404 824 634 915; x_wconf 78' lang='grc' dir='ltr'><strong><em>[αἴσχρ’</em></strong></span> <span class='ocrx_word' id='word_1_44' title='bbox 642 878 662 913; x_wconf 88' lang='grc'><strong><em>,</em></strong></span> <span class='ocrx_word' id='word_1_45' title='bbox 686 822 824 893; x_wconf 78' lang='grc' dir='ltr'><strong><em>ἀλλ’</em></strong></span> <span class='ocrx_word' id='word_1_46' title='bbox 859 823 1110 914; x_wconf 79' lang='grc' dir='ltr'><strong><em>ἀμείνω</em></strong></span> <span class='ocrx_word' id='word_1_47' title='bbox 1139 832 1276 895; x_wconf 76' lang='grc' dir='ltr'><strong><em>τῶν</em></strong></span> <span class='ocrx_word' id='word_1_48' title='bbox 1302 836 1529 899; x_wconf 71' lang='grc' dir='ltr'><strong><em>καλῶν</em></strong></span> <span class='ocrx_word' id='word_1_49' title='bbox 1557 828 1703 899; x_wconf 84' lang='grc' dir='ltr'><strong><em>τάδ’</em></strong></span> <span class='ocrx_word' id='word_1_50' title='bbox 1742 834 1886 901; x_wconf 83' lang='grc' dir='ltr'><strong><em>ἐστί</em></strong></span> <span class='ocrx_word' id='word_1_51' title='bbox 1907 853 2031 901; x_wconf 88' lang='grc' dir='ltr'><strong><em>σοι.</em></strong></span> <span class='ocrx_word' id='word_1_52' title='bbox 2040 838 2187 915; x_wconf 86' lang='grc'><strong>]500</strong></span> 
     </span>
     <span class='ocr_line' id='line_1_8' title="bbox 407 928 1929 1020; baseline 0.003 -23"><span class='ocrx_word' id='word_1_53' title='bbox 407 943 720 1017; x_wconf 79' lang='grc' dir='ltr'><strong><em>κρεῖσσον</em></strong></span> <span class='ocrx_word' id='word_1_54' title='bbox 749 928 825 996; x_wconf 76' lang='grc' dir='ltr'><strong><em>δὲ</em></strong></span> <span class='ocrx_word' id='word_1_55' title='bbox 852 955 1176 1018; x_wconf 90' lang='grc' dir='ltr'><strong><em>τουργον,</em></strong></span> <span class='ocrx_word' id='word_1_56' title='bbox 1209 937 1396 1019; x_wconf 72' lang='grc' dir='ltr'><strong><em>εἰπερ</em></strong></span> <span class='ocrx_word' id='word_1_57' title='bbox 1424 930 1701 1001; x_wconf 74' lang='grc' dir='ltr'><strong><em>ἐκστάσει</em></strong></span> <span class='ocrx_word' id='word_1_58' title='bbox 1730 935 1812 1020; x_wconf 84' lang='grc' dir='ltr'><strong><em>γέ</em></strong></span> <span class='ocrx_word' id='word_1_59' title='bbox 1831 952 1929 1020; x_wconf 85' lang='grc' dir='ltr'><strong><em>σε,</em></strong></span> 
     </span>
    </p>

    <p class='ocr_par' dir='ltr' id='par_1_5' title="bbox 404 1026 1779 1122">
     <span class='ocr_line' id='line_1_9' title="bbox 404 1026 1779 1122; baseline 0.003 -24"><span class='ocrx_word' id='word_1_60' title='bbox 404 1026 448 1117; x_wconf 79' lang='grc' dir='ltr'><em>ἢ</em></span> <span class='ocrx_word' id='word_1_61' title='bbox 474 1026 742 1116; x_wconf 89' lang='grc' dir='ltr'><strong><em>τουνομ’</em></strong></span> <span class='ocrx_word' id='word_1_62' title='bbox 749 1080 815 1122; x_wconf 93' lang='grc'><strong><em>,</em></strong></span> <span class='ocrx_word' id='word_1_63' title='bbox 793 1057 842 1098; x_wconf 88' lang='grc' dir='ltr'><strong><em>ω</em></strong></span> <span class='ocrx_word' id='word_1_64' title='bbox 863 1028 950 1098; x_wconf 82' lang='grc' dir='ltr'><strong><em>σύ</em></strong></span> <span class='ocrx_word' id='word_1_65' title='bbox 979 1040 1309 1099; x_wconf 85' lang='grc' dir='ltr'><strong><em>κατθανει</em></strong></span> <span class='ocrx_word' id='word_1_66' title='bbox 1330 1035 1779 1122; x_wconf 77' lang='grc' dir='ltr'><strong><em>γαυρουμένη.</em></strong></span> 
     </span>
    </p>

    <p class='ocr_par' dir='ltr' id='par_1_6' title="bbox 176 1123 2183 1527">
     <span class='ocr_line' id='line_1_10' title="bbox 176 1123 2118 1225; baseline 0.001 -22"><span class='ocrx_word' id='word_1_67' title='bbox 176 1140 361 1203; x_wconf 88' lang='grc' dir='ltr'><strong><em>ΦΑΙ.</em></strong></span> <span class='ocrx_word' id='word_1_68' title='bbox 391 1133 504 1201; x_wconf 84' lang='grc' dir='ltr'><strong><em>καὶ</em></strong></span> <span class='ocrx_word' id='word_1_69' title='bbox 528 1130 620 1219; x_wconf 86' lang='grc' dir='ltr'><strong><em>μή</em></strong></span> <span class='ocrx_word' id='word_1_70' title='bbox 647 1152 724 1201; x_wconf 85' lang='grc' dir='ltr'><strong><em>σε</em></strong></span> <span class='ocrx_word' id='word_1_71' title='bbox 750 1128 918 1221; x_wconf 85' lang='grc' dir='ltr'><strong><em>πρὸς</em></strong></span> <span class='ocrx_word' id='word_1_72' title='bbox 950 1137 1168 1218; x_wconf 77' lang='grc' dir='ltr'><strong><em>θεῶν,</em></strong></span> <span class='ocrx_word' id='word_1_73' title='bbox 1213 1123 1294 1201; x_wconf 81' lang='grc' dir='ltr'><strong><em>εὖ</em></strong></span> <span class='ocrx_word' id='word_1_74' title='bbox 1324 1136 1539 1221; x_wconf 87' lang='grc' dir='ltr'><strong><em>λέγεις</em></strong></span> <span class='ocrx_word' id='word_1_75' title='bbox 1563 1134 1726 1225; x_wconf 84' lang='grc' dir='ltr'><strong><em>γάρ,</em></strong></span> <span class='ocrx_word' id='word_1_76' title='bbox 1758 1133 1995 1222; x_wconf 78' lang='grc' dir='ltr'><strong><em>αἰσχρὰ</em></strong></span> <span class='ocrx_word' id='word_1_77' title='bbox 2022 1135 2118 1222; x_wconf 89' lang='grc' dir='ltr'><strong><em>δέ,</em></strong></span> 
     </span>
     <span class='ocr_line' id='line_1_11' title="bbox 405 1331 2183 1460; baseline 0.003 -56"><span class='ocrx_word' id='word_1_78' title='bbox 405 1333 632 1423; x_wconf 83' lang='grc' dir='ltr'><strong><em>ψυχὴν</em></strong></span> <span class='ocrx_word' id='word_1_79' title='bbox 660 1342 886 1460; x_wconf 76' lang='grc' dir='ltr'><strong><em>ἔρωτι,</em></strong></span> <span class='ocrx_word' id='word_1_80' title='bbox 923 1331 1173 1425; x_wconf 75' lang='grc' dir='ltr'><strong><em>τᾴσχρὰ</em></strong></span> <span class='ocrx_word' id='word_1_81' title='bbox 1207 1333 1272 1404; x_wconf 87' lang='grc' dir='ltr'><strong><em>δ’</em></strong></span> <span class='ocrx_word' id='word_1_82' title='bbox 1305 1332 1391 1423; x_wconf 78' lang='grc' dir='ltr'><strong><em>ἦν</em></strong></span> <span class='ocrx_word' id='word_1_83' title='bbox 1418 1339 1617 1426; x_wconf 80' lang='grc' dir='ltr'><strong><em>λέγῃς</em></strong></span> <span class='ocrx_word' id='word_1_84' title='bbox 1644 1344 1882 1425; x_wconf 86' lang='grc' dir='ltr'><strong><em>καλως,</em></strong></span> <span class='ocrx_word' id='word_1_85' title='bbox 2082 1356 2183 1409; x_wconf 84' lang='grc'><strong>505</strong></span> 
     </span>
     <span class='ocr_line' id='line_1_12' title="bbox 406 1432 1775 1527; baseline 0.003 -22"><span class='ocrx_word' id='word_1_86' title='bbox 406 1444 497 1517; x_wconf 82' lang='grc' dir='ltr'><strong><em>εἰς</em></strong></span> <span class='ocrx_word' id='word_1_87' title='bbox 527 1433 713 1506; x_wconf 85' lang='grc' dir='ltr'><strong><em>τοῦθ’</em></strong></span> <span class='ocrx_word' id='word_1_88' title='bbox 745 1432 784 1505; x_wconf 83' lang='grc' dir='ltr'>ὃ</span> <span class='ocrx_word' id='word_1_89' title='bbox 811 1436 1044 1524; x_wconf 81' lang='grc' dir='ltr'><strong><em>φεύγω</em></strong></span> <span class='ocrx_word' id='word_1_90' title='bbox 1073 1443 1204 1505; x_wconf 82' lang='grc' dir='ltr'><strong><em>νῦν</em></strong></span> <span class='ocrx_word' id='word_1_91' title='bbox 1232 1434 1775 1527; x_wconf 85' lang='grc' dir='ltr'><strong><em>άναλωθήσομαι.</em></strong></span> 
     </span>
    </p>

    <p class='ocr_par' dir='ltr' id='par_1_7' title="bbox 182 1537 2182 2136">
     <span class='ocr_line' id='line_1_13' title="bbox 182 1537 1993 1631; baseline 0.001 -24"><span class='ocrx_word' id='word_1_92' title='bbox 182 1547 306 1608; x_wconf 91' lang='grc' dir='ltr'><strong><em>ΤΡ.</em></strong></span> <span class='ocrx_word' id='word_1_93' title='bbox 408 1548 474 1607; x_wconf 69' lang='grc' dir='ltr'><strong><em>εἴ</em></strong></span> <span class='ocrx_word' id='word_1_94' title='bbox 492 1566 592 1608; x_wconf 87' lang='grc' dir='ltr'><strong><em>τοι</em></strong></span> <span class='ocrx_word' id='word_1_95' title='bbox 621 1544 808 1608; x_wconf 85' lang='grc' dir='ltr'><strong><em>δοκεῖ</em></strong></span> <span class='ocrx_word' id='word_1_96' title='bbox 832 1559 972 1625; x_wconf 88' lang='grc' dir='ltr'><strong><em>σοι,</em></strong></span> <span class='ocrx_word' id='word_1_97' title='bbox 999 1544 1169 1629; x_wconf 86' lang='grc' dir='ltr'><strong><em>χρῆν</em></strong></span> <span class='ocrx_word' id='word_1_98' title='bbox 1193 1538 1320 1626; x_wconf 73' lang='grc' dir='ltr'><strong><em>μὲν</em></strong></span> <span class='ocrx_word' id='word_1_99' title='bbox 1348 1566 1431 1610; x_wconf 89' lang='grc' dir='ltr'><strong><em>ου</em></strong></span> <span class='ocrx_word' id='word_1_100' title='bbox 1459 1537 1523 1608; x_wconf 93' lang='grc' dir='ltr'><strong><em>σ’</em></strong></span> <span class='ocrx_word' id='word_1_101' title='bbox 1557 1537 1993 1631; x_wconf 77' lang='grc' dir='ltr'><strong><em>ἁμαρτάνειν</em></strong></span> 
     </span>
     <span class='ocr_line' id='line_1_14' title="bbox 409 1630 1949 1766; baseline 0.003 -57"><span class='ocrx_word' id='word_1_102' title='bbox 409 1647 473 1709; x_wconf 77' lang='grc' dir='ltr'><strong><em>εἰ</em></strong></span> <span class='ocrx_word' id='word_1_103' title='bbox 498 1636 563 1708; x_wconf 91' lang='grc' dir='ltr'><strong><em>δ’</em></strong></span> <span class='ocrx_word' id='word_1_104' title='bbox 597 1630 761 1766; x_wconf 61' lang='grc' dir='ltr'><strong><em>οὖν,</em></strong></span> <span class='ocrx_word' id='word_1_105' title='bbox 788 1645 1001 1709; x_wconf 85' lang='grc' dir='ltr'><strong><em>πιθοῦ</em></strong></span> <span class='ocrx_word' id='word_1_106' title='bbox 1029 1661 1173 1727; x_wconf 87' lang='grc' dir='ltr'><strong><em>μοι·</em></strong></span> <span class='ocrx_word' id='word_1_107' title='bbox 1200 1643 1485 1732; x_wconf 84' lang='grc' dir='ltr'><strong><em>δευτέρα</em></strong></span> <span class='ocrx_word' id='word_1_108' title='bbox 1511 1640 1639 1730; x_wconf 79' lang='grc' dir='ltr'><strong><em>γὰρ</em></strong></span> <span class='ocrx_word' id='word_1_109' title='bbox 1671 1640 1714 1730; x_wconf 80' lang='grc' dir='ltr'><em>ἡ</em></span> <span class='ocrx_word' id='word_1_110' title='bbox 1738 1642 1949 1731; x_wconf 81' lang='grc' dir='ltr'><strong><em>χάρις.</em></strong></span> 
     </span>
     <span class='ocr_line' id='line_1_15' title="bbox 405 1738 1829 1833; baseline 0.001 -22"><span class='ocrx_word' id='word_1_111' title='bbox 405 1748 585 1811; x_wconf 85' lang='grc' dir='ltr'><strong><em>ἔστιν</em></strong></span> <span class='ocrx_word' id='word_1_112' title='bbox 614 1738 761 1810; x_wconf 85' lang='grc' dir='ltr'><strong><em>κατ’</em></strong></span> <span class='ocrx_word' id='word_1_113' title='bbox 795 1751 1024 1821; x_wconf 77' lang='grc' dir='ltr'><strong><em>οἴκους</em></strong></span> <span class='ocrx_word' id='word_1_114' title='bbox 1052 1749 1299 1829; x_wconf 80' lang='grc' dir='ltr'><strong><em>φίλτρα</em></strong></span> <span class='ocrx_word' id='word_1_115' title='bbox 1324 1770 1439 1829; x_wconf 86' lang='grc' dir='ltr'><strong><em>μοι</em></strong></span> <span class='ocrx_word' id='word_1_116' title='bbox 1462 1743 1829 1833; x_wconf 84' lang='grc' dir='ltr'><strong><em>θελκτήρια</em></strong></span> 
     </span>
     <span class='ocr_line' id='line_1_16' title="bbox 405 1833 2182 1931; baseline 0.003 -20"><span class='ocrx_word' id='word_1_117' title='bbox 405 1851 682 1931; x_wconf 78' lang='grc' dir='ltr'><strong><em>ἔρωτος,</em></strong></span> <span class='ocrx_word' id='word_1_118' title='bbox 711 1833 882 1930; x_wconf 83' lang='grc' dir='ltr'><strong><em>ἦλθε</em></strong></span> <span class='ocrx_word' id='word_1_119' title='bbox 916 1840 979 1911; x_wconf 88' lang='grc' dir='ltr'><strong><em>δ’</em></strong></span> <span class='ocrx_word' id='word_1_120' title='bbox 1015 1869 1164 1929; x_wconf 90' lang='grc' dir='ltr'><strong><em>αρτι</em></strong></span> <span class='ocrx_word' id='word_1_121' title='bbox 1189 1870 1305 1930; x_wconf 88' lang='grc' dir='ltr'><strong><em>μοι</em></strong></span> <span class='ocrx_word' id='word_1_122' title='bbox 1331 1842 1599 1931; x_wconf 74' lang='grc' dir='ltr'><strong><em>γνώμης</em></strong></span> <span class='ocrx_word' id='word_1_123' title='bbox 1632 1850 1782 1931; x_wconf 84' lang='grc' dir='ltr'><strong><em>ἔσω,</em></strong></span> <span class='ocrx_word' id='word_1_124' title='bbox 2077 1862 2182 1916; x_wconf 91' lang='grc'><strong>510</strong></span> 
     </span>
     <span class='ocr_line' id='line_1_17' title="bbox 403 1939 2055 2035; baseline 0.001 -21"><span class='ocrx_word' id='word_1_125' title='bbox 403 1941 446 2014; x_wconf 75' lang='grc' dir='ltr'>ἅ</span> <span class='ocrx_word' id='word_1_126' title='bbox 473 1939 538 2014; x_wconf 86' lang='grc' dir='ltr'><strong><em>σ’</em></strong></span> <span class='ocrx_word' id='word_1_127' title='bbox 577 1940 721 2014; x_wconf 75' lang='grc' dir='ltr'><strong><em>οὔτ’</em></strong></span> <span class='ocrx_word' id='word_1_128' title='bbox 757 1941 860 2014; x_wconf 80' lang='grc' dir='ltr'><strong><em>ἐπ’</em></strong></span> <span class='ocrx_word' id='word_1_129' title='bbox 895 1951 1188 2030; x_wconf 82' lang='grc' dir='ltr'><strong><em>αἰσχροῖς</em></strong></span> <span class='ocrx_word' id='word_1_130' title='bbox 1215 1941 1362 2014; x_wconf 71' lang='grc' dir='ltr'><strong><em>οὔτ’</em></strong></span> <span class='ocrx_word' id='word_1_131' title='bbox 1396 1946 1505 2014; x_wconf 80' lang='grc' dir='ltr'><strong><em>ἐπὶ</em></strong></span> <span class='ocrx_word' id='word_1_132' title='bbox 1530 1944 1747 2035; x_wconf 81' lang='grc' dir='ltr'><strong><em>βλάβῃ</em></strong></span> <span class='ocrx_word' id='word_1_133' title='bbox 1780 1954 2055 2035; x_wconf 78' lang='grc' dir='ltr'><strong><em>φρενῶν</em></strong></span> 
     </span>
     <span class='ocr_line' id='line_1_18' title="bbox 403 2041 1893 2136; baseline 0.001 -21"><span class='ocrx_word' id='word_1_134' title='bbox 403 2045 646 2116; x_wconf 83' lang='grc' dir='ltr'><strong><em>παύσει</em></strong></span> <span class='ocrx_word' id='word_1_135' title='bbox 675 2045 881 2115; x_wconf 90' lang='grc' dir='ltr'><strong><em>νόσου</em></strong></span> <span class='ocrx_word' id='word_1_136' title='bbox 911 2041 1128 2134; x_wconf 90' lang='grc' dir='ltr'><strong><em>τῆσδ’,</em></strong></span> <span class='ocrx_word' id='word_1_137' title='bbox 1164 2041 1252 2133; x_wconf 78' lang='grc' dir='ltr'><strong><em>ἢν</em></strong></span> <span class='ocrx_word' id='word_1_138' title='bbox 1278 2045 1363 2114; x_wconf 81' lang='grc' dir='ltr'><strong><em>σύ</em></strong></span> <span class='ocrx_word' id='word_1_139' title='bbox 1392 2043 1481 2135; x_wconf 88' lang='grc' dir='ltr'><strong><em>μὴ</em></strong></span> <span class='ocrx_word' id='word_1_140' title='bbox 1511 2050 1673 2136; x_wconf 81' lang='grc' dir='ltr'><strong><em>γένῃ</em></strong></span> <span class='ocrx_word' id='word_1_141' title='bbox 1700 2047 1893 2135; x_wconf 80' lang='grc' dir='ltr'><strong><em>κακή.</em></strong></span> 
     </span>
    </p>

    <p class='ocr_par' dir='ltr' id='par_1_8' title="bbox 403 2144 2178 2442">
     <span class='ocr_line' id='line_1_19' title="bbox 404 2144 1833 2237; baseline 0.001 -20"><span class='ocrx_word' id='word_1_142' title='bbox 404 2154 536 2232; x_wconf 90' lang='grc' dir='ltr'><strong><em>[δεῖ</em></strong></span> <span class='ocrx_word' id='word_1_143' title='bbox 559 2144 629 2218; x_wconf 88' lang='grc' dir='ltr'><strong><em>δ’</em></strong></span> <span class='ocrx_word' id='word_1_144' title='bbox 660 2150 724 2230; x_wconf 79' lang='grc' dir='ltr'><strong><em>ἐξ</em></strong></span> <span class='ocrx_word' id='word_1_145' title='bbox 753 2151 1018 2217; x_wconf 85' lang='grc' dir='ltr'><strong><em>ἐκείνου</em></strong></span> <span class='ocrx_word' id='word_1_146' title='bbox 1048 2146 1222 2234; x_wconf 82' lang='grc' dir='ltr'><strong><em>δήτι</em></strong></span> <span class='ocrx_word' id='word_1_147' title='bbox 1252 2155 1372 2217; x_wconf 81' lang='grc' dir='ltr'><strong><em>τοῦ</em></strong></span> <span class='ocrx_word' id='word_1_148' title='bbox 1399 2151 1833 2237; x_wconf 83' lang='grc' dir='ltr'><strong><em>ποθουμένου</em></strong></span> 
     </span>
     <span class='ocr_line' id='line_1_20' title="bbox 403 2244 1721 2338; baseline 0.001 -19"><span class='ocrx_word' id='word_1_149' title='bbox 403 2265 712 2338; x_wconf 82' lang='grc' dir='ltr'><strong><em>σημεῖον,</em></strong></span> <span class='ocrx_word' id='word_1_150' title='bbox 745 2244 788 2337; x_wconf 80' lang='grc' dir='ltr'><strong><em>ἦ</em></strong></span> <span class='ocrx_word' id='word_1_151' title='bbox 821 2246 1028 2337; x_wconf 87' lang='grc' dir='ltr'><strong><em>λόγον</em></strong></span> <span class='ocrx_word' id='word_1_152' title='bbox 1057 2245 1188 2317; x_wconf 88' lang='grc' dir='ltr'><strong><em>τιν’</em></strong></span> <span class='ocrx_word' id='word_1_153' title='bbox 1219 2244 1267 2338; x_wconf 78' lang='grc' dir='ltr'><strong><em>ἦ</em></strong></span> <span class='ocrx_word' id='word_1_154' title='bbox 1292 2252 1565 2320; x_wconf 79' lang='grc' dir='ltr'><strong><em>πέπλων</em></strong></span> <span class='ocrx_word' id='word_1_155' title='bbox 1592 2247 1721 2320; x_wconf 74' lang='grc' dir='ltr'><strong><em>ἄπο</em></strong></span> 
     </span>
     <span class='ocr_line' id='line_1_21' title="bbox 403 2348 2178 2442; baseline 0.002 -22"><span class='ocrx_word' id='word_1_156' title='bbox 403 2359 633 2440; x_wconf 80' lang='grc' dir='ltr'><strong><em>λαβεῖν</em></strong></span> <span class='ocrx_word' id='word_1_157' title='bbox 653 2403 671 2438; x_wconf 92' lang='grc'><strong><em>,</em></strong></span> <span class='ocrx_word' id='word_1_158' title='bbox 702 2350 996 2432; x_wconf 84' lang='grc' dir='ltr'><strong><em>συνάψαι</em></strong></span> <span class='ocrx_word' id='word_1_159' title='bbox 1024 2348 1083 2418; x_wconf 87' lang='grc' dir='ltr'><strong><em>τ’</em></strong></span> <span class='ocrx_word' id='word_1_160' title='bbox 1117 2352 1189 2419; x_wconf 88' lang='grc' dir='ltr'><strong><em>ἐκ</em></strong></span> <span class='ocrx_word' id='word_1_161' title='bbox 1220 2355 1416 2420; x_wconf 88' lang='grc' dir='ltr'><strong><em>δυοῖν</em></strong></span> <span class='ocrx_word' id='word_1_162' title='bbox 1445 2359 1609 2441; x_wconf 88' lang='grc' dir='ltr'><strong><em>μίαν</em></strong></span> <span class='ocrx_word' id='word_1_163' title='bbox 1634 2352 1873 2442; x_wconf 67' lang='grc' dir='ltr'><strong><em>χάριν]</em></strong></span> <span class='ocrx_word' id='word_1_164' title='bbox 2077 2372 2178 2424; x_wconf 85' lang='grc'><strong>515</strong></span> 
     </span>
    </p>

    <p class='ocr_par' dir='ltr' id='par_1_9' title="bbox 173 2446 1860 2544">
     <span class='ocr_line' id='line_1_22' title="bbox 173 2446 1860 2544; baseline 0 -22"><span class='ocrx_word' id='word_1_165' title='bbox 173 2461 358 2522; x_wconf 86' lang='grc' dir='ltr'><strong><em>ΦΑΙ.</em></strong></span> <span class='ocrx_word' id='word_1_166' title='bbox 396 2453 642 2543; x_wconf 88' lang='grc' dir='ltr'><strong><em>πότερα</em></strong></span> <span class='ocrx_word' id='word_1_167' title='bbox 671 2452 747 2522; x_wconf 71' lang='grc' dir='ltr'><strong><em>δὲ</em></strong></span> <span class='ocrx_word' id='word_1_168' title='bbox 767 2451 1040 2541; x_wconf 87' lang='grc' dir='ltr'><strong><em>χριστὸν</em></strong></span> <span class='ocrx_word' id='word_1_169' title='bbox 1065 2446 1110 2538; x_wconf 80' lang='grc' dir='ltr'><strong><em>ἦ</em></strong></span> <span class='ocrx_word' id='word_1_170' title='bbox 1135 2448 1343 2520; x_wconf 81' lang='grc' dir='ltr'><strong><em>ποτὸν</em></strong></span> <span class='ocrx_word' id='word_1_171' title='bbox 1370 2451 1444 2521; x_wconf 85' lang='grc' dir='ltr'><strong><em>τὸ</em></strong></span> <span class='ocrx_word' id='word_1_172' title='bbox 1472 2453 1860 2544; x_wconf 83' lang='grc' dir='ltr'><strong><em>φάρμακον;</em></strong></span> 
     </span>
    </p>

    <p class='ocr_par' dir='ltr' id='par_1_10' title="bbox 181 2549 2076 2642">
     <span class='ocr_line' id='line_1_23' title="bbox 181 2549 2076 2642; baseline 0.001 -18"><span class='ocrx_word' id='word_1_173' title='bbox 181 2562 306 2624; x_wconf 90' lang='grc' dir='ltr'><strong><em>ΤΡ.</em></strong></span> <span class='ocrx_word' id='word_1_174' title='bbox 404 2552 530 2624; x_wconf 82' lang='grc' dir='ltr'><strong><em>οὐκ</em></strong></span> <span class='ocrx_word' id='word_1_175' title='bbox 559 2551 691 2623; x_wconf 80' lang='grc' dir='ltr'><strong><em>οἶδ’</em></strong></span> <span class='ocrx_word' id='word_1_176' title='bbox 715 2575 728 2588; x_wconf 94' lang='grc'>·</span> <span class='ocrx_word' id='word_1_177' title='bbox 761 2551 1082 2638; x_wconf 77' lang='grc' dir='ltr'><strong><em>ὄνασθαι,</em></strong></span> <span class='ocrx_word' id='word_1_178' title='bbox 1111 2549 1201 2639; x_wconf 86' lang='grc' dir='ltr'><strong><em>μὴ</em></strong></span> <span class='ocrx_word' id='word_1_179' title='bbox 1227 2564 1477 2640; x_wconf 79' lang='grc' dir='ltr'><strong><em>μαθεῖν</em></strong></span> <span class='ocrx_word' id='word_1_180' title='bbox 1505 2553 1793 2642; x_wconf 84' lang='grc' dir='ltr'><strong><em>βούλου,</em></strong></span> <span class='ocrx_word' id='word_1_181' title='bbox 1822 2556 2076 2626; x_wconf 86' lang='grc' dir='ltr'><strong><em>τέκνον.</em></strong></span> 
     </span>
    </p>

    <p class='ocr_par' dir='ltr' id='par_1_11' title="bbox 173 2650 1775 2745">
     <span class='ocr_line' id='line_1_24' title="bbox 173 2650 1775 2745; baseline 0 -21"><span class='ocrx_word' id='word_1_182' title='bbox 173 2665 357 2726; x_wconf 89' lang='grc' dir='ltr'><strong><em>ΦΑῙ.</em></strong></span> <span class='ocrx_word' id='word_1_183' title='bbox 397 2651 644 2743; x_wconf 83' lang='grc' dir='ltr'><strong><em>δέδοιχ’</em></strong></span> <span class='ocrx_word' id='word_1_184' title='bbox 677 2650 856 2735; x_wconf 79' lang='grc' dir='ltr'><strong><em>ὅπως</em></strong></span> <span class='ocrx_word' id='word_1_185' title='bbox 882 2682 994 2742; x_wconf 88' lang='grc' dir='ltr'><strong><em>μοι</em></strong></span> <span class='ocrx_word' id='word_1_186' title='bbox 1020 2652 1112 2742; x_wconf 86' lang='grc' dir='ltr'><strong><em>μὴ</em></strong></span> <span class='ocrx_word' id='word_1_187' title='bbox 1141 2660 1296 2723; x_wconf 85' lang='grc' dir='ltr'><strong><em>λίαν</em></strong></span> <span class='ocrx_word' id='word_1_188' title='bbox 1324 2662 1541 2745; x_wconf 80' lang='grc' dir='ltr'><strong><em>φανῇς</em></strong></span> <span class='ocrx_word' id='word_1_189' title='bbox 1574 2654 1775 2743; x_wconf 81' lang='grc' dir='ltr'><strong><em>σοφή.</em></strong></span> 
     </span>
    </p>

    <p class='ocr_par' dir='ltr' id='par_1_12' title="bbox 183 2751 1974 2846">
     <span class='ocr_line' id='line_1_25' title="bbox 183 2751 1974 2846; baseline 0.001 -20"><span class='ocrx_word' id='word_1_190' title='bbox 183 2765 306 2826; x_wconf 91' lang='grc' dir='ltr'><strong><em>ΤΡ.</em></strong></span> <span class='ocrx_word' id='word_1_191' title='bbox 403 2754 599 2827; x_wconf 87' lang='grc' dir='ltr'><strong><em>πάντ’</em></strong></span> <span class='ocrx_word' id='word_1_192' title='bbox 635 2785 720 2826; x_wconf 86' lang='grc' dir='ltr'><strong><em>αν</em></strong></span> <span class='ocrx_word' id='word_1_193' title='bbox 754 2751 1116 2846; x_wconf 84' lang='grc' dir='ltr'><strong><em>φοβηθεῖσ’</em></strong></span> <span class='ocrx_word' id='word_1_194' title='bbox 1151 2765 1329 2824; x_wconf 75' lang='grc' dir='ltr'><strong><em>ἴσθι·</em></strong></span> <span class='ocrx_word' id='word_1_195' title='bbox 1366 2762 1730 2846; x_wconf 80' lang='grc' dir='ltr'><strong><em>δειμαίνεις</em></strong></span> <span class='ocrx_word' id='word_1_196' title='bbox 1771 2757 1844 2826; x_wconf 72' lang='grc' dir='ltr'><strong><em>δὲ</em></strong></span> <span class='ocrx_word' id='word_1_197' title='bbox 1873 2765 1943 2827; x_wconf 89' lang='grc' dir='ltr'><strong><em>τί</em></strong></span> <span class='ocrx_word' id='word_1_198' title='bbox 1955 2790 1974 2842; x_wconf 81' lang='grc'><strong>;</strong></span> 
     </span>
    </p>

    <p class='ocr_par' dir='ltr' id='par_1_13' title="bbox 173 2858 2180 2979">
     <span class='ocr_line' id='line_1_26' title="bbox 173 2858 2180 2979; baseline 0 -52"><span class='ocrx_word' id='word_1_199' title='bbox 173 2867 358 2928; x_wconf 87' lang='grc' dir='ltr'><strong><em>ΦΑῙ.</em></strong></span> <span class='ocrx_word' id='word_1_200' title='bbox 396 2858 487 2947; x_wconf 80' lang='grc' dir='ltr'><strong><em>μή</em></strong></span> <span class='ocrx_word' id='word_1_201' title='bbox 512 2866 634 2946; x_wconf 87' lang='grc' dir='ltr'><strong><em>μοί</em></strong></span> <span class='ocrx_word' id='word_1_202' title='bbox 661 2887 724 2927; x_wconf 88' lang='grc' dir='ltr'><strong><em>τι</em></strong></span> <span class='ocrx_word' id='word_1_203' title='bbox 755 2860 1050 2979; x_wconf 77' lang='grc' dir='ltr'><strong><em>Θησέως</em></strong></span> <span class='ocrx_word' id='word_1_204' title='bbox 1051 2863 1267 2927; x_wconf 87' lang='grc' dir='ltr'><strong><em>τωνδε</em></strong></span> <span class='ocrx_word' id='word_1_205' title='bbox 1298 2860 1597 2948; x_wconf 82' lang='grc' dir='ltr'><strong><em>μηνύσῃς</em></strong></span> <span class='ocrx_word' id='word_1_206' title='bbox 1626 2859 1819 2951; x_wconf 78' lang='grc' dir='ltr'><strong><em>τόκῳ.</em></strong></span> <span class='ocrx_word' id='word_1_207' title='bbox 2077 2877 2180 2929; x_wconf 80' lang='lat'><strong><em>520</em></strong></span> 
     </span>
    </p>

    <p class='ocr_par' dir='ltr' id='par_1_14' title="bbox 181 2955 1800 3150">
     <span class='ocr_line' id='line_1_27' title="bbox 181 2955 1771 3049; baseline 0 -19"><span class='ocrx_word' id='word_1_208' title='bbox 181 2968 316 3032; x_wconf 89' lang='lat' dir='ltr'><strong><em>TP.</em></strong></span> <span class='ocrx_word' id='word_1_209' title='bbox 396 2967 627 3047; x_wconf 84' lang='grc' dir='ltr'><strong><em>ἔασον,</em></strong></span> <span class='ocrx_word' id='word_1_210' title='bbox 659 2987 710 3028; x_wconf 94' lang='grc' dir='ltr'><strong><em>ω</em></strong></span> <span class='ocrx_word' id='word_1_211' title='bbox 744 2975 893 3030; x_wconf 83' lang='grc' dir='ltr'><strong><em>παῖ·</em></strong></span> <span class='ocrx_word' id='word_1_212' title='bbox 925 2955 1111 3029; x_wconf 84' lang='grc' dir='ltr'><strong><em>ταῦτ’</em></strong></span> <span class='ocrx_word' id='word_1_213' title='bbox 1148 2958 1279 3047; x_wconf 83' lang='grc' dir='ltr'><strong><em>ἐγω</em></strong></span> <span class='ocrx_word' id='word_1_214' title='bbox 1311 2961 1505 3049; x_wconf 86' lang='grc' dir='ltr'><strong><em>θήσω</em></strong></span> <span class='ocrx_word' id='word_1_215' title='bbox 1535 2967 1771 3041; x_wconf 90' lang='grc' dir='ltr'><strong><em>καλως.</em></strong></span> 
     </span>
     <span class='ocr_line' id='line_1_28' title="bbox 401 3061 1800 3150; baseline 0.001 -19"><span class='ocrx_word' id='word_1_216' title='bbox 401 3063 610 3150; x_wconf 88' lang='grc' dir='ltr'><strong><em>μόνον</em></strong></span> <span class='ocrx_word' id='word_1_217' title='bbox 636 3061 725 3130; x_wconf 82' lang='grc' dir='ltr'><strong><em>σύ</em></strong></span> <span class='ocrx_word' id='word_1_218' title='bbox 750 3088 898 3149; x_wconf 90' lang='grc' dir='ltr'><strong><em>μοι,</em></strong></span> <span class='ocrx_word' id='word_1_219' title='bbox 927 3064 1249 3130; x_wconf 85' lang='grc' dir='ltr'><strong><em>δέσποινα</em></strong></span> <span class='ocrx_word' id='word_1_220' title='bbox 1282 3070 1523 3131; x_wconf 88' lang='grc' dir='ltr'><strong><em>ποντία</em></strong></span> <span class='ocrx_word' id='word_1_221' title='bbox 1551 3062 1800 3149; x_wconf 83' lang='grc' dir='ltr'><strong><em>Κύπρι,</em></strong></span> 
     </span>
    </p>

    <p class='ocr_par' dir='ltr' id='par_1_15' title="bbox 169 3159 2177 3538">
     <span class='ocr_line' id='line_1_29' title="bbox 267 3159 1799 3254; baseline 0.001 -22"><span class='ocrx_word' id='word_1_222' title='bbox 267 3177 272 3182; x_wconf 86' lang='grc'><em>“</em></span> <span class='ocrx_word' id='word_1_223' title='bbox 403 3161 730 3253; x_wconf 81' lang='grc' dir='ltr'><strong><em>συνεργὸς</em></strong></span> <span class='ocrx_word' id='word_1_224' title='bbox 757 3173 914 3249; x_wconf 79' lang='grc' dir='ltr'><strong><em>εἴης.</em></strong></span> <span class='ocrx_word' id='word_1_225' title='bbox 951 3159 1156 3231; x_wconf 89' lang='grc' dir='ltr'><strong><em>ταλλα</em></strong></span> <span class='ocrx_word' id='word_1_226' title='bbox 1183 3159 1251 3230; x_wconf 86' lang='grc' dir='ltr'><strong><em>δ’</em></strong></span> <span class='ocrx_word' id='word_1_227' title='bbox 1284 3159 1371 3232; x_wconf 84' lang='grc' dir='ltr'><strong><em>οἷ’</em></strong></span> <span class='ocrx_word' id='word_1_228' title='bbox 1406 3160 1536 3250; x_wconf 83' lang='grc' dir='ltr'><strong><em>ἐγω</em></strong></span> <span class='ocrx_word' id='word_1_229' title='bbox 1567 3191 1799 3254; x_wconf 85' lang='grc' dir='ltr'><strong><em>φρονω</em></strong></span> 
     </span>
     <span class='ocr_line' id='line_1_30' title="bbox 400 3260 1721 3354; baseline 0.003 -22"><span class='ocrx_word' id='word_1_230' title='bbox 400 3281 536 3346; x_wconf 83' lang='grc' dir='ltr'><strong><em>τοῖς</em></strong></span> <span class='ocrx_word' id='word_1_231' title='bbox 565 3270 764 3334; x_wconf 77' lang='grc' dir='ltr'><strong><em>ἔνδον</em></strong></span> <span class='ocrx_word' id='word_1_232' title='bbox 793 3261 952 3353; x_wconf 79' lang='grc' dir='ltr'><strong><em>ἡμῖν</em></strong></span> <span class='ocrx_word' id='word_1_233' title='bbox 980 3260 1245 3353; x_wconf 79' lang='grc' dir='ltr'><strong><em>ἀρκέσει</em></strong></span> <span class='ocrx_word' id='word_1_234' title='bbox 1272 3267 1450 3347; x_wconf 81' lang='grc' dir='ltr'><strong><em>λέξαι</em></strong></span> <span class='ocrx_word' id='word_1_235' title='bbox 1478 3273 1721 3354; x_wconf 83' lang='grc' dir='ltr'><strong><em>φίλοις.</em></strong></span> 
     </span>
     <span class='ocr_line' id='line_1_31' title="bbox 169 3359 2177 3457; baseline -0.002 -20"><span class='ocrx_word' id='word_1_236' title='bbox 169 3374 315 3437; x_wconf 82' lang='lat' dir='ltr'><strong><em>XO.</em></strong></span> <span class='ocrx_word' id='word_1_237' title='bbox 375 3361 590 3457; x_wconf 72' lang='grc' dir='ltr'><strong><em>’Ἔρως</em></strong></span> <span class='ocrx_word' id='word_1_238' title='bbox 609 3363 851 3456; x_wconf 80' lang='grc' dir='ltr'><strong><em>Ἔρως,</em></strong></span> <span class='ocrx_word' id='word_1_239' title='bbox 887 3361 922 3435; x_wconf 81' lang='grc' dir='ltr'><strong><em>ὃ</em></strong></span> <span class='ocrx_word' id='word_1_240' title='bbox 953 3362 1100 3435; x_wconf 85' lang='grc' dir='ltr'><strong><em>κατ’</em></strong></span> <span class='ocrx_word' id='word_1_241' title='bbox 1138 3359 1453 3453; x_wconf 77' lang='grc' dir='ltr'><strong><em>ὀμμάτων</em></strong></span> <span class='ocrx_word' id='word_1_242' title='bbox 1896 3386 2033 3453; x_wconf 88' lang='grc' dir='ltr'><strong><em>στρ.</em></strong></span> <span class='ocrx_word' id='word_1_243' title='bbox 2078 3379 2177 3432; x_wconf 76' lang='lat'><strong><em>525</em></strong></span> 
     </span>
     <span class='ocr_line' id='line_1_32' title="bbox 798 3482 1573 3538; baseline 0 0"><span class='ocrx_word' id='word_1_244' title='bbox 798 3485 898 3538; x_wconf 78' lang='lat'><strong><em>525</em></strong></span> <span class='ocrx_word' id='word_1_245' title='bbox 918 3507 994 3520; x_wconf 90' lang='lat'><strong><em>—·</em></strong></span> <span class='ocrx_word' id='word_1_246' title='bbox 1012 3482 1115 3537; x_wconf 77' lang='lat'><strong><em>534</em></strong></span> <span class='ocrx_word' id='word_1_247' title='bbox 1140 3497 1223 3525; x_wconf 69' lang='grc' dir='ltr'><strong><em>Ξ·-</em></strong></span> <span class='ocrx_word' id='word_1_248' title='bbox 1256 3483 1357 3538; x_wconf 80' lang='lat'><strong><em>535</em></strong></span> <span class='ocrx_word' id='word_1_249' title='bbox 1374 3509 1449 3520; x_wconf 88' lang='lat'><strong><em>·-·</em></strong></span> <span class='ocrx_word' id='word_1_250' title='bbox 1468 3483 1573 3538; x_wconf 78' lang='lat'><strong><em>544</em></strong></span> 
     </span>
    </p>
   </div>
  </div>
 </body>
</html>
