2492 3900
189 1875 345 1937 ΑΝ.

940 166 1070 224 AN
1069 164 1501 223 ΔΡΟΜΑΧΗ
2138 162 2220 223 59

434 332 608 406 τοῦτ’
640 331 780 405 ἔσθ’
815 329 1071 425 ἑκάστῳ
1099 340 1323 419 μεῖζον
1352 328 1397 419 ἦ
1432 342 1687 423 Τροίαν
1715 336 1913 403 ἑλεῖν.

432 436 618 526 κάγὼ
646 443 977 524 θυγατρί,
1005 435 1261 523 μεγάλα
1287 433 1417 523 γὰρ
1451 443 1663 523 κρίνω
1693 436 1871 524 τάδε,
2116 450 2221 506 370

433 545 668 629 λέχους
694 541 1086 628 στέρεσθαι,
1117 538 1457 625 σύμμαχος
1485 545 1914 625 καθίσταμαι.

432 641 514 712 τὰ
538 643 662 731 μὲν
697 638 828 730 γὰρ
860 638 1028 709 ἄλλα
1059 636 1313 728 δεύτερ’
1348 636 1434 709 ἂν
1462 639 1677 731 πάσχῃ
1705 640 1913 728 γυνή·

435 742 682 835 ἀνδρὸς
711 740 776 811 δ’
809 738 1263 833 ἁμαρτάνουσ’
1298 738 1663 833 ἁμαρτάνει
1690 750 1867 831 βίου.

434 847 704 916 δούλων
732 842 797 914 δ’
832 848 1093 914 ἐκεῖνον
1117 851 1256 913 τῶν
1284 848 1466 931 ἐμῶν
1492 842 1725 932 ἄρχειν
1750 844 1969 935 χρεῶν

432 953 545 1017 καὶ
571 954 707 1017 τῶν
743 951 1010 1016 ἐκείνου
1037 944 1196 1027 τοὺς
1223 944 1427 1033 ἐμοὺς
1452 943 1622 1034 ἡμᾶς
1649 976 1719 1016 τε
1748 947 1915 1033 πρός
1934 970 1948 983 ·
2116 960 2218 1017 375

433 1060 653 1141 φίλων
683 1049 812 1138 γὰρ
849 1046 1054 1118 οὐδὲν
1083 1054 1263 1118 ἴδιον
1300 1052 1541 1129 οἵτινες
1574 1057 1761 1136 φίλοι

429 1150 658 1243 ὀρθῶς
684 1148 1052 1239 πεφύκασ’,
1081 1147 1251 1220 ἀλλὰ
1283 1148 1479 1219 κοινὰ
1509 1151 1829 1240 χρήματα.

430 1258 653 1342 μένων
691 1255 766 1323 δὲ
794 1253 952 1335 τοὺς
981 1250 1307 1340 ἀπόντας,
1340 1260 1403 1322 εἰ
1422 1252 1513 1342 μὴ
1542 1254 1840 1342 θήσομαι

429 1354 570 1445 τᾶμ’
604 1354 693 1437 ῶς
721 1355 990 1445 ἄριστα,
1023 1356 1285 1444 φαῦλός
1315 1362 1449 1443 εἰμι
1479 1354 1607 1425 κού
1637 1358 1869 1444 σοφός.

429 1456 564 1529 ἀλλ’
599 1463 916 1541 ἐξανίστω
946 1456 1154 1528 τῶνδ’
1189 1456 1582 1549 ἀνακτόρων
1607 1466 1806 1540 θεᾶς·
2116 1476 2221 1529 380

429 1558 519 1641 ῶς
546 1556 633 1649 ἢν
661 1562 881 1651 θάνῃς
909 1561 1031 1646 σύ,
1063 1577 1218 1641 παῖς
1251 1557 1357 1629 ὅδ’
1390 1561 1711 1650 ἐκφεύγει
1738 1561 1973 1652 μόρον,

428 1671 555 1732 σοῦ
586 1660 651 1731 δ’
685 1662 767 1733 ού
797 1662 1132 1751 θελούσης
1159 1673 1531 1733 κατθανεῖν
1557 1665 1755 1733 τόνδε
1785 1671 2021 1733 κτενῶ.

428 1771 626 1835 δυοῖν
654 1761 719 1833 δ’
756 1763 1014 1853 ἀνάγκη
1047 1770 1317 1856 θατέρῳ
1346 1775 1567 1835 λιπεῖν
1594 1773 1769 1854 βίον.

433 1878 644 1955 οἴμοι,
675 1865 926 1954 πικρὰν
957 1867 1296 1953 κλήρωσιν
1324 1871 1585 1953 αἵρεσίν
1614 1872 1689 1935 τέ
1710 1894 1823 1955 μοι

428 1977 586 2058 βίου
616 1975 977 2054 καθίστης,
1007 1969 1120 2036 καὶ
1152 1968 1447 2053 λαχοῦσά
1485 1966 1537 2055 γ’
1574 1965 1781 2038 ἀθλία
2113 1985 2215 2039 385

430 2073 546 2140 καὶ
571 2068 662 2158 μὴ
692 2076 987 2156 λαχοῦσα
1016 2067 1349 2156 δυστυχὴς
1377 2077 1806 2159 καθίσταμαι.

429 2165 485 2242 ῶ
512 2172 768 2260 μεγάλα
796 2172 1118 2261 πράσσων
1148 2178 1363 2251 αἰτίας
1388 2179 1630 2261 μικρᾶς
1658 2176 1845 2264 πέρι,

427 2283 671 2344 πιθοῦ·
702 2282 775 2343 τί
796 2282 1050 2356 καίνεις
1077 2270 1166 2362 μ’;
1197 2272 1348 2343 ἀντὶ
1374 2282 1534 2358 τοῦς
1566 2283 1771 2345 ποίαν
1800 2276 2000 2346 πόλιν

430 2377 835 2467 προύδωκας
864 2386 1016 2446 τίνα
1043 2384 1184 2446 σῶν
1212 2384 1497 2446 ε”κτανον
1525 2384 1790 2448 παίδων
1819 2379 1952 2467 ἐγώ
1967 2410 1986 2460 ;

429 2495 627 2550 ποῖον
655 2475 719 2548 δ’
755 2487 1008 2567 ἔπρησα
1039 2476 1227 2565 δῶμ’;
1259 2480 1631 2566 ἐκοιμήθην
1658 2489 1776 2570 βίᾳ
2110 2495 2216 2549 390

431 2579 561 2650 σὺν
589 2581 1006 2651 δεσπόταισι·
1041 2570 1178 2670 κᾷτ’
1214 2578 1334 2667 ἔμ’,
1373 2577 1455 2649 οὗ
1484 2596 1711 2649 κεῖνον
1743 2596 2000 2661 κτενεῖς

435 2682 554 2752 τὸν
584 2694 800 2753 αἴτιον
829 2679 1064 2769 τῶνδ’,
1097 2680 1266 2751 ἀλλὰ
1294 2681 1417 2769 τὴν
1449 2679 1663 2770 ἀρχὴν
1690 2677 1911 2770 ἀφεὶς

430 2784 596 2874 πρὸς
624 2783 748 2872 τὴν
776 2784 1096 2872 τελευτὴν
1125 2781 1417 2873 ὑστέραν
1448 2775 1663 2854 οὖσαν
1692 2787 1919 2875 φέρει;

433 2897 610 2974 οἴμοι
637 2896 866 2956 κακῶν
892 2884 1125 2974 τῶνδ’,
1157 2879 1211 2956 ῶ
1240 2883 1490 2956 τάλαιν’
1531 2886 1652 2976 ἐμὴ
1690 2896 1959 2978 πατρίς,

430 2986 517 3070 ῶς
547 2986 737 3058 δεινὰ
766 2989 995 3076 πάσχω
1013 3011 1027 3025 ·
1099 2995 1172 3057 τί
1193 2993 1275 3059 δέ
1298 3017 1380 3077 με
1408 2991 1521 3058 καὶ
1547 3006 1768 3058 τεκεῖν
1797 2994 1999 3077 ἐχρῆν
2112 3005 2215 3059 395

432 3089 641 3178 ἄχθος
671 3088 719 3159 τ’
753 3089 846 3160 ἐπ’
881 3089 1078 3179 ἄχθει
1105 3097 1280 3184 τῶδε
1308 3094 1737 3180 προσθέσθαι
1768 3097 2095 3174 διπλοῦν;

435 3190 599 3283 ἀτὰρ
627 3200 698 3262 τί
718 3201 926 3263 ταῦτα
955 3190 1269 3283 δύρομαι,
1298 3192 1377 3262 τὰ
1407 3190 1471 3262 δ’
1506 3197 1580 3262 ἐν
1609 3195 1807 3262 ποσὶν

431 3291 556 3364 οὐκ
583 3297 898 3383 ἐξικμάζω
927 3298 1040 3364 καὶ
1077 3304 1419 3383 λογίζομαι
1449 3296 1656 3379 κακά;

435 3393 573 3483 ἥτις
601 3397 862 3486 σφαγὰς
889 3394 1334 3488 μὲνἝκτορος
1361 3399 1808 3486 τροχηλάτους

431 3506 740 3570 κατεῖδον
773 3506 1052 3588 οἰκτρῶς
1079 3497 1126 3568 τ’
1158 3496 1367 3569 Ἴλιον
1395 3499 1847 3588 πυρούμενον,
2104 3511 2211 3564 400
