2492 3900
293 102 377 161 40

287 280 444 347 HR

281 385 435 442 AA.

283 485 424 544 ΗΡ.

284 589 436 647 ΑΔ.

283 689 425 749 ΗΡ.

289 794 432 851 ΑΔ.

281 893 423 955 ΗΡ.

281 997 432 1055 ΑΔ.

281 1097 422 1156 ΗΡ.

282 1201 434 1258 ΑΔ.

281 1300 423 1360 ΗΡ.

282 1405 433 1463 ΑΔ.

281 1505 424 1564 ΗΡ.

281 1609 432 1666 ΑΛ.

281 1709 423 1769 ΗΡ.

279 1814 430 1871 ΑΛ.

281 1914 420 1975 ΗΡ.

279 2019 430 2076 ΑΛ.

284 2220 424 2280 ΗΡ.

286 2323 433 2381 ΑΔ.

286 2423 424 2483 ΗΡ.

279 2528 431 2586 ΛΔ.

282 2629 422 2689 ΗΡ.

277 2733 428 2790 ΑΔ.

278 2833 418 2893 ΗΡ.

278 2936 426 2994 ΛΔ.

277 3037 418 3097 ΗΡ.

278 3142 428 3200 ΑΔ.

278 3241 420 3302 ΗΡ.

276 3348 427 3406 ΑΔ.

281 3449 418 3509 ΗΡ.

1067 106 1515 165 ΑΛΚΗΣΤΙΣ

512 268 752 361 χρόνος
777 272 1086 361 μαλάξει,
1115 281 1248 343 νῦν
1278 272 1343 343 δ’
1377 270 1477 345 ἔθ’
1511 270 1647 367 ἡβᾷ
1686 298 1791 345 σοι
1820 275 2052 344 κακόν.
2170 294 2301 349 1085

511 374 760 464 χρόνον
788 376 1004 463 λέγοις
1033 373 1150 462 ἅν,
1196 382 1261 445 εἰ
1283 377 1519 467 χρόνος
1548 376 1621 445 τὸ
1650 387 2036 446 κατθανεῖν.

511 477 689 565 γυνή
714 498 789 546 σε
821 476 1065 547 παύσει
1098 480 1212 546 καὶ
1238 482 1403 548 νέου
1430 478 1647 568 γάμου
1684 478 1911 548 πόθοι.

520 586 834 667 σίγησον·
880 574 1026 649 οἷον
1065 579 1271 661 εἶπας.
1327 578 1452 649 οὐκ
1481 576 1566 650 ε’ἕν
1602 578 1830 673 ᾠόμην
1852 620 1927 631 --

512 688 583 751 τί
604 687 646 751 δ
654 680 698 763 ’;
728 680 811 751 οὐ
840 698 1073 770 γαμεῖς
1098 682 1262 771 γάρ,
1295 680 1462 751 ἀλλὰ
1489 683 1802 773 χήρεύσει
1832 684 2053 769 λε’χος;

519 780 645 852 οὐκ
683 790 861 852 ἔστιν
893 782 1031 870 ἥτις
1065 788 1238 874 τῷδε
1275 784 1801 871 συγκλιθήσεται.
2163 801 2303 856 1090

508 892 656 973 μῶν
684 883 810 972 τὴν
833 890 1187 955 θανοῦσαν
1215 883 1507 974 ὠφελεῖν
1534 914 1597 955 τι
1625 891 2037 977 προσδοκᾷςς

508 995 745 1075 κείνην
771 984 1072 1076 ὅπουπερ
1107 994 1246 1056 ἔστι
1280 994 1601 1077 τιμᾶσθαι
1626 987 1863 1077 χρεών.

508 1096 678 1159 αἰνῶ
706 1090 830 1178 μὲν
858 1096 1026 1159 αἰνῶ
1046 1112 1060 1126 ·
1090 1096 1355 1177 μωρίαν
1388 1087 1453 1159 δ’
1486 1087 1936 1177 ὀφλισκάνεις.

519 1188 608 1271 ὥς
644 1190 872 1279 μήποτ’
911 1188 1126 1279 ἄνδρα
1158 1192 1355 1260 τόνδε
1381 1200 1683 1280 νυμφίον
1710 1198 1954 1261 καλῶν.

509 1292 780 1383 ἐπῄνεσ’
815 1291 1031 1386 ἀλόχῳ
1061 1293 1293 1374 πιστὸς
1320 1291 1535 1363 οὕνεκ’
1573 1293 1634 1364 εἷ
1657 1301 1873 1383 φίλος.
2163 1307 2301 1361 1095

517 1394 782 1483 θάνοιμ’
823 1400 1095 1484 ἐκείνην
1121 1403 1362 1486 καίπερ
1391 1394 1517 1466 οὐκ
1547 1388 1760 1468 οὖσαν
1789 1392 2105 1484 προδούς.

513 1501 713 1583 δέχου
741 1525 874 1566 νυν
907 1508 1064 1566 εἴσω
1092 1498 1296 1587 τήνδε
1323 1507 1657 1587 γενναίων
1686 1498 1932 1586 δόμων.

515 1599 640 1687 μή,
669 1599 834 1688 πρός
865 1620 941 1669 σε
972 1607 1093 1668 τοῦ
1120 1610 1515 1690 σπείραντος
1546 1600 1826 1689 ἄντομαι
1851 1598 2041 1679 Διός.

505 1704 619 1769 καὶ
648 1700 783 1790 μὴν
810 1698 1172 1790 ἁμαρτήσει
1206 1731 1285 1791 γε
1312 1702 1402 1792 μὴ
1434 1704 1682 1793 δράσας
1709 1703 1887 1772 τάδε.

512 1804 628 1873 καὶ
655 1809 839 1893 δρῶν
866 1832 944 1891 γε
971 1804 1150 1894 λύπῃ
1186 1811 1475 1895 καρδίαν
1504 1806 1942 1894 δηχθήσομαι.
2166 1820 2303 1873 1100

505 1915 748 1980 πιθοῦ·
818 1904 950 1996 τάχ’
983 1902 1067 1977 ἂν
1093 1906 1223 1998 γὰρ
1254 1914 1347 1989 είς
1371 1910 1529 1977 δέον
1557 1910 1745 1978 πέσοι
1772 1906 1978 1997 χάρις.

516 2037 650 2096 φευ
669 2031 684 2046 ·

519 2108 643 2179 εἴθ’
686 2114 752 2192 ἐξ
787 2108 1049 2198 ἀγῶνος
1084 2112 1287 2200 τήνδε
1314 2111 1405 2200 μὴ
1426 2108 1663 2200 ’λαβές
1690 2137 1867 2180 ποτε.

513 2219 792 2281 νικῶντι
820 2215 1047 2300 μέντοι
1075 2215 1189 2282 καὶ
1217 2213 1306 2284 σὺ
1336 2220 1659 2306 συννικᾷς
1686 2217 1851 2301 ἐμοί.

517 2321 738 2395 καλῶς
769 2317 1023 2396 ἔλεξας·
1054 2311 1098 2402 ἡ
1124 2315 1300 2403 γυνὴ
1331 2314 1395 2386 δ’
1429 2315 1799 2386 ἀπελθέτω.

519 2412 820 2504 ἄπεισιν,
855 2423 918 2486 εἰ
939 2417 1097 2506 χρή·
1135 2425 1367 2509 πρῶτα
1395 2417 1460 2489 δ’
1495 2426 1559 2489 εἰ
1580 2416 1800 2508 χρεων
1832 2415 2053 2506 ἄθρει.
2162 2433 2303 2486 1105

514 2519 675 2608 χρή,
705 2525 830 2589 σοῦ
858 2548 937 2609 γε
966 2517 1054 2608 μὴ
1085 2524 1443 2608 μέλλοντος
1470 2519 1820 2610 ὀργαίνειν
1846 2524 2013 2608 ἐμοί.

511 2622 706 2702 εἰδώς
739 2651 804 2692 τι
832 2620 1017 2712 κάγώ
1045 2620 1236 2710 τήνδ’
1273 2630 1400 2711 ε”χω
1432 2630 1853 2712 προθυμίαν.

503 2729 657 2788 νίκα
689 2749 841 2791 νυν.
921 2722 1004 2793 οὐ
1037 2723 1172 2812 μὴν
1201 2723 1583 2794 ἁνδάνοντά
1608 2753 1722 2814 μοι
1750 2740 1983 2804 ποιεῖς.

509 2823 646 2894 ἀλλ’
681 2822 822 2895 ἔσθ’
855 2821 958 2894 ὅθ’
990 2823 1160 2913 ἡμᾶς
1186 2829 1507 2908 αἰνέσεις·
1548 2832 1765 2896 πιθοῦ
1792 2827 2023 2915 μόνον.

502 2924 805 3016 κομίζετ’,
836 2933 899 2996 εἰ
922 2924 1048 3016 χρὴ
1077 2928 1281 3015 τήνδε
1311 2931 1632 3012 δέξασθαι
1664 2928 1915 3016 δόμοις.
2166 2943 2307 2997 1110

503 3027 630 3100 οὐκ
661 3025 748 3099 ἂν
774 3037 1062 3118 μεθείην
1098 3029 1223 3119 τὴν
1254 3047 1547 3120 γυναῖκα
1574 3030 2000 3120 προσπόλοις.

503 3130 590 3202 σύ
622 3129 688 3202 δ’
723 3129 926 3213 αὐτὸς
955 3129 1172 3222 αὐτὴν
1201 3131 1432 3222 εἴσαγ’,
1473 3140 1537 3203 εί
1555 3133 1813 3221 βούλει,
1843 3131 2113 3218 δόμους.

520 3241 616 3316 εἰς
647 3233 767 3316 σὰς
795 3236 920 3324 μὲν
948 3227 1076 3305 οὖν
1105 3243 1317 3325 ἔγωγε
1344 3236 1645 3324 θήσομαι
1672 3239 1888 3328 χέρας.

516 3335 643 3409 οὐκ
672 3333 760 3408 ἂν
785 3345 1084 3428 θίγοιμι·
1117 3335 1361 3427 δώματ’
1395 3345 1733 3408 εἰσελθεῖν
1761 3337 1961 3426 πάρα.

505 3449 587 3532 τῇ
617 3449 703 3532 σῇ
731 3444 1030 3513 πέποιθα
1054 3443 1229 3532 χειρὶ
1260 3444 1446 3534 δεξιᾷ
1472 3442 1710 3530 μόνου.
2170 3455 2307 3508 1115
