2492 3900
0 4 456 119 -ᾞΙ

214 546 341 610 ΔΙ.

218 855 354 916 ΟΡ.

207 1366 339 1428 ΔΙ.

205 1569 365 1632 HA.

211 1980 350 2041 ΟΡ.

203 2186 338 2247 ΔΙ.

213 2594 351 2655 ΟΡ.

207 2696 364 2758 HA.

215 2798 354 2859 ΟΡ.

207 2902 291 2963 H
291 2900 365 2962 A.

212 3104 348 3166 ΟΡ.

205 3207 360 3269 HA.

211 3310 346 3371 ΟΡ.

202 3515 329 3580 ΔΙ.

1043 157 1112 217 H
1111 159 1445 219 AEKTPA

451 337 590 400 τῶν
621 335 761 399 σῶν
793 324 1008 410 εὐθὺς
1039 333 1345 418 φίλτρων
1372 331 1687 419 στέρομαι

451 435 563 503 καὶ
592 429 656 502 σ’
690 427 1036 513 ἀπολείψω
1062 439 1189 501 σοῦ
1217 429 1633 520 λειπόμενος.

449 535 645 617 πόσις
673 531 814 604 ἔστ’
847 530 1022 622 αὐτῇ
1049 536 1163 603 καὶ
1193 533 1399 622 δόμος
1416 557 1430 570 ·
1462 531 1589 624 οὐχ
1614 531 1731 623 ἥδ’

449 635 684 728 οἰκτρὰ
713 638 1096 724 πέπονθεν,
1126 636 1304 725 πλὴν
1332 633 1434 706 ὅτι
1464 644 1679 708 λείπει

451 741 652 812 πόλιν
673 736 1016 830 Ἀργείων.

453 845 567 913 καὶ
593 849 772 924 τίνες
799 839 997 912 ἄλλαι
1023 844 1341 930 στοναχαὶ
1366 848 1631 930 μείζους

447 941 494 1033 ἢ
518 952 642 1035 γῆς
669 942 983 1038 πατρῴας
1013 941 1178 1035 ὅρον
1205 947 1577 1030 ἐκλείπειν;

451 1045 602 1118 ἀλλ’
641 1044 774 1137 ἐγώ
805 1058 1014 1120 οἴκων
1041 1051 1248 1135 ἔξειμι
1276 1047 1528 1139 πατρὸς

446 1153 560 1220 καὶ
586 1146 694 1221 ἐπ’
726 1145 1108 1240 ἀλλοτρίαις
1133 1149 1421 1240 ψήφοισι
1448 1151 1669 1240 φόνον

446 1250 696 1344 μητρὸς
723 1248 972 1342 ὑφέξω.

446 1355 694 1446 θάρσει
711 1377 726 1393 ·
755 1355 1114 1436 Παλλάδος

451 1454 646 1528 ὁσίαν
669 1454 848 1547 ἥξεις
877 1458 1106 1529 πόλιν·
1139 1455 1287 1529 ἀλλ’
1322 1454 1587 1547 ἀνέχου.

451 1568 616 1651 περί
640 1589 755 1649 μοι
783 1563 1084 1651 στέρνοις
1112 1563 1356 1653 στέρνα
1388 1564 1763 1652 πρόσαψον,

447 1663 741 1752 σύγγονε
769 1669 1048 1751 φίλτατε
1064 1687 1080 1702 ·

447 1764 562 1835 διὰ
587 1764 719 1855 γὰρ
746 1764 1064 1854 ζευγνῦσ’
1096 1763 1269 1856 ἡμᾶς
1298 1767 1631 1860 πατρῴων

445 1866 814 1959 μελάθρων
841 1867 1089 1961 μητρὸς
1117 1870 1350 1959 φόνιοι
1376 1865 1679 1959 κατάραι.

449 1971 646 2061 βάλε,
681 1970 1110 2062 πρόσπτυξον
1138 1980 1361 2060 σῶμα·
1403 1971 1741 2054 θανόντος
1768 1978 1830 2045 δ’

449 2070 539 2154 ὦς
567 2075 676 2143 ἐπὶ
703 2073 937 2165 τύμβῳ
963 2074 1508 2165 καταθρήνησον.

446 2182 583 2265 φεῦ
612 2183 780 2264 φεῦ·
812 2174 1046 2246 δεινὸν
1074 2173 1217 2247 τόδ’
1252 2176 1565 2268 ἐγηρύσω

449 2281 564 2348 καὶ
588 2289 814 2349 θεοῖσι
849 2278 1106 2348 κλύειν.

444 2389 548 2452 ἔνι
575 2380 704 2472 γὰρ
736 2378 936 2468 κάμοὶ
963 2396 1102 2463 τοῖς
1134 2378 1196 2450 τ’
1230 2379 1628 2473 οὐρανίδαις

449 2483 661 2553 οἶκτοι
689 2491 968 2572 θνητῶν
995 2484 1469 2573 πολυμόχθων.

449 2582 679 2657 οὐκέτι
709 2582 770 2656 σ’
807 2583 1076 2675 ὄψομαι.

449 2685 603 2759 οὐδ’
643 2686 774 2777 ἐγὼ
807 2695 900 2769 είς
927 2686 1052 2757 σὸν
1078 2690 1428 2779 βλέφαρον
1454 2687 1740 2759 πελάσω.

448 2791 608 2860 τάδε
638 2789 913 2861 λοίσθιά
938 2818 1052 2878 μοι
1079 2792 1615 2881 προσφθέγματά
1643 2812 1789 2899 σου.

451 2884 508 2962 ὦ
533 2909 755 2983 χαῖρε,
791 2894 1013 2973 πόλις·

444 3004 711 3087 χαίρετε
739 2992 805 3065 δ’
839 2991 1030 3084 ὑμεῖς
1058 2997 1295 3083 πολλά,
1326 3003 1685 3078 πολίτιδες.

442 3089 499 3167 οἷ
522 3097 915 3185 πιστοτάτη,
944 3105 1222 3187 στείχεις
1248 3096 1417 3188 ἤδη;

445 3207 682 3287 στείχω
709 3202 1057 3291 βλέφαρον
1085 3198 1398 3289 τέγγουσ’
1432 3198 1711 3273 ἁπαλόν.

443 3302 768 3391 Πυλάδη,
795 3310 1053 3392 χαίρων
1080 3314 1219 3392 ἴθι,
1249 3304 1612 3393 νυμφεύου

447 3406 654 3494 δέμας
682 3402 1058 3496 Ἠλέκτρας.

439 3513 666 3578 τοῖσδε
691 3507 966 3598 μελήσει
993 3507 1203 3599 γάμος
1219 3530 1232 3544 ·
1266 3505 1435 3578 ἀλλὰ
1463 3510 1675 3592 κύνας

2125 161 2247 224 283

2110 452 2247 508 1310

2113 962 2249 1018 1315

2109 1475 2247 1530 1320

2104 1985 2243 2041 1325

2105 2497 2242 2553 1330

2104 3010 2235 3066 1335

2105 3313 2238 3368 1340
