<?xml version="1.0" encoding="UTF-8"?>
<!DOCTYPE html PUBLIC "-//W3C//DTD XHTML 1.0 Transitional//EN"
    "http://www.w3.org/TR/xhtml1/DTD/xhtml1-transitional.dtd">
<html xmlns="http://www.w3.org/1999/xhtml" xml:lang="en" lang="en">
 <head>
  <title>
</title>
<meta http-equiv="Content-Type" content="text/html;charset=utf-8" />
  <meta name='ocr-system' content='tesseract 3.04.00' />
  <meta name='ocr-capabilities' content='ocr_page ocr_carea ocr_par ocr_line ocrx_word'/>
</head>
<body>
  <div class='ocr_page' id='page_1' title='image "./evripidistragoe03eurigoog/evripidistragoe03eurigoog_0318.png"; bbox 0 0 2492 3900; ppageno 0'>
   <div class='ocr_carea' id='block_1_1' title="bbox 300 640 438 702">
    <p class='ocr_par' dir='ltr' id='par_1_1' title="bbox 300 640 438 702">
     <span class='ocr_line' id='line_1_1' title="bbox 300 640 438 702; baseline -0.029 0"><span class='ocrx_word' id='word_1_1' title='bbox 300 640 438 702; x_wconf 87' lang='lat' dir='ltr'><strong><em>XO.</em></strong></span> 
     </span>
    </p>
   </div>
   <div class='ocr_carea' id='block_1_2' title="bbox 300 945 436 1006">
    <p class='ocr_par' dir='ltr' id='par_1_2' title="bbox 300 945 436 1006">
     <span class='ocr_line' id='line_1_2' title="bbox 300 945 436 1006; baseline -0.015 0"><span class='ocrx_word' id='word_1_2' title='bbox 300 945 436 1006; x_wconf 92' lang='lat' dir='ltr'><strong><em>EA.</em></strong></span> 
     </span>
    </p>
   </div>
   <div class='ocr_carea' id='block_1_3' title="bbox 306 1353 458 1413">
    <p class='ocr_par' dir='ltr' id='par_1_3' title="bbox 306 1353 458 1413">
     <span class='ocr_line' id='line_1_3' title="bbox 306 1353 458 1413; baseline -0.02 0"><span class='ocrx_word' id='word_1_3' title='bbox 306 1353 458 1413; x_wconf 91' lang='lat' dir='ltr'><strong><em>ME.</em></strong></span> 
     </span>
    </p>
   </div>
   <div class='ocr_carea' id='block_1_4' title="bbox 302 2063 439 2132">
    <p class='ocr_par' dir='ltr' id='par_1_4' title="bbox 302 2063 439 2132">
     <span class='ocr_line' id='line_1_4' title="bbox 302 2063 439 2132; baseline -0.08 0"><span class='ocrx_word' id='word_1_4' title='bbox 302 2063 439 2132; x_wconf 85' lang='lat' dir='ltr'><strong><em>EA.</em></strong></span> 
     </span>
    </p>
   </div>
   <div class='ocr_carea' id='block_1_5' title="bbox 302 2367 459 2429">
    <p class='ocr_par' dir='ltr' id='par_1_5' title="bbox 302 2367 459 2429">
     <span class='ocr_line' id='line_1_5' title="bbox 302 2367 459 2429; baseline -0.006 -1"><span class='ocrx_word' id='word_1_5' title='bbox 302 2367 387 2428; x_wconf 86' lang='lat' dir='ltr'><em>M</em></span> <span class='ocrx_word' id='word_1_6' title='bbox 389 2370 459 2429; x_wconf 90' lang='lat' dir='ltr'><strong><em>E.</em></strong></span> 
     </span>
    </p>
   </div>
   <div class='ocr_carea' id='block_1_6' title="bbox 303 2573 441 2634">
    <p class='ocr_par' dir='ltr' id='par_1_6' title="bbox 303 2573 441 2634">
     <span class='ocr_line' id='line_1_6' title="bbox 303 2573 441 2634; baseline -0.022 0"><span class='ocrx_word' id='word_1_7' title='bbox 303 2573 441 2634; x_wconf 67' lang='lat' dir='ltr'><strong><em>EA.</em></strong></span> 
     </span>
    </p>
   </div>
   <div class='ocr_carea' id='block_1_7' title="bbox 320 2777 461 2837">
    <p class='ocr_par' dir='ltr' id='par_1_7' title="bbox 320 2777 461 2837">
     <span class='ocr_line' id='line_1_7' title="bbox 320 2777 461 2837; baseline -0.014 0"><span class='ocrx_word' id='word_1_8' title='bbox 320 2777 461 2837; x_wconf 73' lang='lat' dir='ltr'><strong><em>ME.</em></strong></span> 
     </span>
    </p>
   </div>
   <div class='ocr_carea' id='block_1_8' title="bbox 308 2879 442 2940">
    <p class='ocr_par' dir='ltr' id='par_1_8' title="bbox 308 2879 442 2940">
     <span class='ocr_line' id='line_1_8' title="bbox 308 2879 442 2940; baseline -0.022 1"><span class='ocrx_word' id='word_1_9' title='bbox 308 2879 442 2940; x_wconf 87' lang='lat' dir='ltr'><strong><em>EA.</em></strong></span> 
     </span>
    </p>
   </div>
   <div class='ocr_carea' id='block_1_9' title="bbox 308 2982 462 3043">
    <p class='ocr_par' dir='ltr' id='par_1_9' title="bbox 308 2982 462 3043">
     <span class='ocr_line' id='line_1_9' title="bbox 308 2982 462 3043; baseline -0.026 0"><span class='ocrx_word' id='word_1_10' title='bbox 308 2982 462 3043; x_wconf 85' lang='lat' dir='ltr'><strong><em>ME.</em></strong></span> 
     </span>
    </p>
   </div>
   <div class='ocr_carea' id='block_1_10' title="bbox 309 3083 441 3145">
    <p class='ocr_par' dir='ltr' id='par_1_10' title="bbox 309 3083 441 3145">
     <span class='ocr_line' id='line_1_10' title="bbox 309 3083 441 3145; baseline -0.023 0"><span class='ocrx_word' id='word_1_11' title='bbox 309 3083 441 3145; x_wconf 85' lang='lat' dir='ltr'><strong><em>EA.</em></strong></span> 
     </span>
    </p>
   </div>
   <div class='ocr_carea' id='block_1_11' title="bbox 307 3186 461 3245">
    <p class='ocr_par' dir='ltr' id='par_1_11' title="bbox 307 3186 461 3245">
     <span class='ocr_line' id='line_1_11' title="bbox 307 3186 461 3245; baseline -0.013 0"><span class='ocrx_word' id='word_1_12' title='bbox 307 3186 461 3245; x_wconf 87' lang='lat' dir='ltr'><strong><em>ME.</em></strong></span> 
     </span>
    </p>
   </div>
   <div class='ocr_carea' id='block_1_12' title="bbox 305 3288 441 3349">
    <p class='ocr_par' dir='ltr' id='par_1_12' title="bbox 305 3288 441 3349">
     <span class='ocr_line' id='line_1_12' title="bbox 305 3288 441 3349; baseline -0.029 1"><span class='ocrx_word' id='word_1_13' title='bbox 305 3288 441 3349; x_wconf 90' lang='lat' dir='ltr'><strong><em>EA.</em></strong></span> 
     </span>
    </p>
   </div>
   <div class='ocr_carea' id='block_1_13' title="bbox 308 3501 417 3555">
    <p class='ocr_par' dir='ltr' id='par_1_13' title="bbox 308 3501 417 3555">
     <span class='ocr_line' id='line_1_13' title="bbox 308 3501 417 3555; baseline 0 0"><span class='ocrx_word' id='word_1_14' title='bbox 308 3501 417 3555; x_wconf 60' lang='lat'><strong><em>³311.</em></strong></span> 
     </span>
    </p>
   </div>
   <div class='ocr_carea' id='block_1_14' title="bbox 1161 0 2464 216">
    <p class='ocr_par' dir='ltr' id='par_1_14' title="bbox 1161 0 2464 216">
     <span class='ocr_line' id='line_1_14' title="bbox 2200 0 2247 39; baseline 0 -5"><span class='ocrx_word' id='word_1_15' title='bbox 2200 0 2247 39; x_wconf 69' lang='lat' dir='ltr'><strong><em>l‘</em></strong></span> 
     </span>
     <span class='ocr_line' id='line_1_15' title="bbox 1161 0 2464 216; baseline -0.006 -2"><span class='ocrx_word' id='word_1_16' title='bbox 1161 157 1469 216; x_wconf 85' lang='lat' dir='ltr'><em>EAENH</em></span> <span class='ocrx_word' id='word_1_17' title='bbox 2428 0 2464 206; x_wconf 38' lang='grc' dir='ltr'>ἢ</span> 
     </span>
    </p>
   </div>
   <div class='ocr_carea' id='block_1_15' title="bbox 522 320 2337 3369">
    <p class='ocr_par' dir='ltr' id='par_1_15' title="bbox 524 320 2302 514">
     <span class='ocr_line' id='line_1_16' title="bbox 524 320 2302 413; baseline 0.001 -19"><span class='ocrx_word' id='word_1_18' title='bbox 524 333 679 413; x_wconf 88' lang='grc' dir='ltr'><strong><em>βίου</em></strong></span> <span class='ocrx_word' id='word_1_19' title='bbox 708 325 834 413; x_wconf 80' lang='grc' dir='ltr'><strong><em>γὰρ</em></strong></span> <span class='ocrx_word' id='word_1_20' title='bbox 864 322 1080 404; x_wconf 76' lang='grc' dir='ltr'><strong><em>ἄλλως</em></strong></span> <span class='ocrx_word' id='word_1_21' title='bbox 1108 329 1347 412; x_wconf 83' lang='grc' dir='ltr'><strong><em>δέλεαρ</em></strong></span> <span class='ocrx_word' id='word_1_22' title='bbox 1371 320 1635 413; x_wconf 76' lang='grc' dir='ltr'><strong><em>ηὑρέθη</em></strong></span> <span class='ocrx_word' id='word_1_23' title='bbox 1664 322 1837 408; x_wconf 82' lang='grc' dir='ltr'><strong><em>τόδε,</em></strong></span> <span class='ocrx_word' id='word_1_24' title='bbox 2209 341 2302 398; x_wconf 80' lang='grc'><strong><em>755</em></strong></span> 
     </span>
     <span class='ocr_line' id='line_1_17' title="bbox 524 423 2000 514; baseline -0.003 -17"><span class='ocrx_word' id='word_1_25' title='bbox 524 423 794 507; x_wconf 78' lang='grc' dir='ltr'><strong><em>κούδεὶς</em></strong></span> <span class='ocrx_word' id='word_1_26' title='bbox 822 423 1174 514; x_wconf 78' lang='grc' dir='ltr'><strong><em>ἐπλούτησ’</em></strong></span> <span class='ocrx_word' id='word_1_27' title='bbox 1208 425 1607 514; x_wconf 79' lang='grc' dir='ltr'><strong><em>ἐμπύροισιν</em></strong></span> <span class='ocrx_word' id='word_1_28' title='bbox 1636 423 1840 512; x_wconf 80' lang='grc' dir='ltr'><strong><em>ἀργὸς</em></strong></span> <span class='ocrx_word' id='word_1_29' title='bbox 1868 423 1968 494; x_wconf 72' lang='grc' dir='ltr'><strong><em>ὤν</em></strong></span> <span class='ocrx_word' id='word_1_30' title='bbox 1985 449 2000 463; x_wconf 89' lang='grc'><em>·</em></span> 
     </span>
    </p>

    <p class='ocr_par' dir='ltr' id='par_1_16' title="bbox 523 523 1930 617">
     <span class='ocr_line' id='line_1_18' title="bbox 523 523 1930 617; baseline -0.002 -20"><span class='ocrx_word' id='word_1_31' title='bbox 523 528 755 617; x_wconf 75' lang='grc' dir='ltr'><strong><em>γνώμη</em></strong></span> <span class='ocrx_word' id='word_1_32' title='bbox 789 527 855 597; x_wconf 88' lang='grc' dir='ltr'><strong><em>δ’</em></strong></span> <span class='ocrx_word' id='word_1_33' title='bbox 889 525 1125 616; x_wconf 79' lang='grc' dir='ltr'><em>ἀρίστη</em></span> <span class='ocrx_word' id='word_1_34' title='bbox 1154 529 1388 616; x_wconf 78' lang='grc' dir='ltr'><strong><em>μάντις</em></strong></span> <span class='ocrx_word' id='word_1_35' title='bbox 1419 523 1462 614; x_wconf 86' lang='grc' dir='ltr'><em>ἥ</em></span> <span class='ocrx_word' id='word_1_36' title='bbox 1490 525 1547 596; x_wconf 89' lang='grc' dir='ltr'><strong><em>τ’</em></strong></span> <span class='ocrx_word' id='word_1_37' title='bbox 1584 526 1930 615; x_wconf 80' lang='grc' dir='ltr'><strong><em>εὐβουλία.</em></strong></span> 
     </span>
    </p>

    <p class='ocr_par' dir='ltr' id='par_1_17' title="bbox 522 627 1770 717">
     <span class='ocr_line' id='line_1_19' title="bbox 522 627 1770 717; baseline -0.003 -17"><span class='ocrx_word' id='word_1_38' title='bbox 522 637 615 712; x_wconf 79' lang='grc' dir='ltr'><strong><em>εἰς</em></strong></span> <span class='ocrx_word' id='word_1_39' title='bbox 641 627 843 700; x_wconf 83' lang='grc' dir='ltr'><strong><em>ταύτὸ</em></strong></span> <span class='ocrx_word' id='word_1_40' title='bbox 871 627 1074 717; x_wconf 80' lang='grc' dir='ltr'><strong><em>κάμοὶ</em></strong></span> <span class='ocrx_word' id='word_1_41' title='bbox 1100 630 1260 712; x_wconf 83' lang='grc' dir='ltr'><strong><em>δόξα</em></strong></span> <span class='ocrx_word' id='word_1_42' title='bbox 1286 628 1592 717; x_wconf 86' lang='grc' dir='ltr'><strong><em>μάντεων</em></strong></span> <span class='ocrx_word' id='word_1_43' title='bbox 1620 631 1770 716; x_wconf 83' lang='grc' dir='ltr'><strong><em>πέρι</em></strong></span> 
     </span>
    </p>

    <p class='ocr_par' dir='ltr' id='par_1_18' title="bbox 526 726 1918 821">
     <span class='ocr_line' id='line_1_20' title="bbox 526 726 1918 821; baseline -0.002 -20"><span class='ocrx_word' id='word_1_44' title='bbox 526 747 733 821; x_wconf 76' lang='grc' dir='ltr'><strong><em>χωρεῖ</em></strong></span> <span class='ocrx_word' id='word_1_45' title='bbox 757 733 1054 820; x_wconf 77' lang='grc' dir='ltr'><strong><em>γέροντι·</em></strong></span> <span class='ocrx_word' id='word_1_46' title='bbox 1085 730 1245 811; x_wconf 84' lang='grc' dir='ltr'><strong><em>τούς</em></strong></span> <span class='ocrx_word' id='word_1_47' title='bbox 1271 728 1482 810; x_wconf 74' lang='grc' dir='ltr'><strong><em>θεοὺς</em></strong></span> <span class='ocrx_word' id='word_1_48' title='bbox 1511 737 1680 818; x_wconf 83' lang='grc' dir='ltr'><strong><em>ἔχων</em></strong></span> <span class='ocrx_word' id='word_1_49' title='bbox 1707 758 1805 809; x_wconf 89' lang='grc' dir='ltr'><strong><em>τις</em></strong></span> <span class='ocrx_word' id='word_1_50' title='bbox 1833 726 1918 798; x_wconf 74' lang='grc' dir='ltr'><strong><em>ἂν</em></strong></span> 
     </span>
    </p>

    <p class='ocr_par' dir='ltr' id='par_1_19' title="bbox 528 829 2311 1025">
     <span class='ocr_line' id='line_1_21' title="bbox 528 829 2311 922; baseline -0.003 -19"><span class='ocrx_word' id='word_1_51' title='bbox 528 841 767 922; x_wconf 88' lang='grc' dir='ltr'><strong><em>φίλους</em></strong></span> <span class='ocrx_word' id='word_1_52' title='bbox 796 829 1075 922; x_wconf 78' lang='grc' dir='ltr'><strong><em>ἀρίστην</em></strong></span> <span class='ocrx_word' id='word_1_53' title='bbox 1100 830 1430 920; x_wconf 83' lang='grc' dir='ltr'><strong><em>μαντικὴν</em></strong></span> <span class='ocrx_word' id='word_1_54' title='bbox 1460 839 1595 918; x_wconf 85' lang='grc' dir='ltr'><strong><em>ἔχοι</em></strong></span> <span class='ocrx_word' id='word_1_55' title='bbox 1626 831 1875 919; x_wconf 87' lang='grc' dir='ltr'><strong><em>δόμοις.</em></strong></span> <span class='ocrx_word' id='word_1_56' title='bbox 2213 849 2311 906; x_wconf 83' lang='grc'><strong><em>760</em></strong></span> 
     </span>
     <span class='ocr_line' id='line_1_22' title="bbox 532 931 1864 1025; baseline -0.003 -21"><span class='ocrx_word' id='word_1_57' title='bbox 532 934 697 1005; x_wconf 77' lang='grc' dir='ltr'><strong><em>εἷεν·</em></strong></span> <span class='ocrx_word' id='word_1_58' title='bbox 730 933 813 1004; x_wconf 78' lang='grc' dir='ltr'><strong><em>τὰ</em></strong></span> <span class='ocrx_word' id='word_1_59' title='bbox 836 936 961 1021; x_wconf 75' lang='grc' dir='ltr'><strong><em>μὲν</em></strong></span> <span class='ocrx_word' id='word_1_60' title='bbox 990 933 1074 1022; x_wconf 86' lang='grc' dir='ltr'><strong><em>δὴ</em></strong></span> <span class='ocrx_word' id='word_1_61' title='bbox 1105 932 1297 1025; x_wconf 82' lang='grc' dir='ltr'><strong><em>δεῦρ’</em></strong></span> <span class='ocrx_word' id='word_1_62' title='bbox 1331 931 1438 1004; x_wconf 81' lang='grc' dir='ltr'><strong><em>ἀεὶ</em></strong></span> <span class='ocrx_word' id='word_1_63' title='bbox 1463 942 1682 1014; x_wconf 80' lang='grc' dir='ltr'><strong><em>καλῶς</em></strong></span> <span class='ocrx_word' id='word_1_64' title='bbox 1711 940 1864 1021; x_wconf 82' lang='grc' dir='ltr'><strong><em>ἔχει.</em></strong></span> 
     </span>
    </p>

    <p class='ocr_par' dir='ltr' id='par_1_20' title="bbox 530 1028 1946 1126">
     <span class='ocr_line' id='line_1_23' title="bbox 530 1028 1946 1126; baseline -0.003 -18"><span class='ocrx_word' id='word_1_65' title='bbox 530 1036 708 1119; x_wconf 81' lang='grc' dir='ltr'><strong><em>ὅπως</em></strong></span> <span class='ocrx_word' id='word_1_66' title='bbox 741 1034 807 1107; x_wconf 83' lang='grc' dir='ltr'><strong><em>δ’</em></strong></span> <span class='ocrx_word' id='word_1_67' title='bbox 848 1038 1141 1125; x_wconf 73' lang='grc' dir='ltr'><strong><em>ἐσώθης,</em></strong></span> <span class='ocrx_word' id='word_1_68' title='bbox 1173 1028 1228 1107; x_wconf 73' lang='grc' dir='ltr'><em>ὦ</em></span> <span class='ocrx_word' id='word_1_69' title='bbox 1258 1036 1487 1123; x_wconf 91' lang='grc' dir='ltr'><strong><em>τάλας,</em></strong></span> <span class='ocrx_word' id='word_1_70' title='bbox 1527 1043 1766 1126; x_wconf 88' lang='grc' dir='ltr'><strong><em>Τροίας</em></strong></span> <span class='ocrx_word' id='word_1_71' title='bbox 1796 1032 1946 1122; x_wconf 74' lang='grc' dir='ltr'><strong><em>ἄπο,</em></strong></span> 
     </span>
    </p>

    <p class='ocr_par' dir='ltr' id='par_1_21' title="bbox 531 1136 1951 1229">
     <span class='ocr_line' id='line_1_24' title="bbox 531 1136 1951 1229; baseline -0.003 -19"><span class='ocrx_word' id='word_1_72' title='bbox 531 1144 768 1229; x_wconf 78' lang='grc' dir='ltr'><strong><em>κέρδος</em></strong></span> <span class='ocrx_word' id='word_1_73' title='bbox 794 1140 919 1227; x_wconf 73' lang='grc' dir='ltr'><strong><em>μὲν</em></strong></span> <span class='ocrx_word' id='word_1_74' title='bbox 947 1137 1153 1209; x_wconf 73' lang='grc' dir='ltr'><strong><em>οὐδὲν</em></strong></span> <span class='ocrx_word' id='word_1_75' title='bbox 1184 1141 1434 1208; x_wconf 81' lang='grc' dir='ltr'><strong><em>εἰδέναι</em></strong></span> <span class='ocrx_word' id='word_1_76' title='bbox 1452 1191 1470 1224; x_wconf 92' lang='grc'><strong><em>,</em></strong></span> <span class='ocrx_word' id='word_1_77' title='bbox 1502 1136 1717 1219; x_wconf 84' lang='grc' dir='ltr'><strong><em>πόθος</em></strong></span> <span class='ocrx_word' id='word_1_78' title='bbox 1747 1140 1827 1207; x_wconf 85' lang='grc' dir='ltr'><strong><em>δέ</em></strong></span> <span class='ocrx_word' id='word_1_79' title='bbox 1855 1167 1951 1218; x_wconf 90' lang='grc' dir='ltr'><strong><em>τις</em></strong></span> 
     </span>
    </p>

    <p class='ocr_par' dir='ltr' id='par_1_22' title="bbox 530 1240 1962 1330">
     <span class='ocr_line' id='line_1_25' title="bbox 530 1240 1962 1330; baseline -0.002 -19"><span class='ocrx_word' id='word_1_80' title='bbox 530 1241 609 1311; x_wconf 79' lang='grc' dir='ltr'><strong><em>τὰ</em></strong></span> <span class='ocrx_word' id='word_1_81' title='bbox 637 1249 773 1311; x_wconf 78' lang='grc' dir='ltr'><strong><em>τῶν</em></strong></span> <span class='ocrx_word' id='word_1_82' title='bbox 801 1248 1022 1330; x_wconf 86' lang='grc' dir='ltr'><strong><em>φίλων</em></strong></span> <span class='ocrx_word' id='word_1_83' title='bbox 1052 1249 1351 1330; x_wconf 81' lang='grc' dir='ltr'><strong><em>φίλοισιν</em></strong></span> <span class='ocrx_word' id='word_1_84' title='bbox 1378 1243 1742 1311; x_wconf 78' lang='grc' dir='ltr'><strong><em>αἰσθέσθαι</em></strong></span> <span class='ocrx_word' id='word_1_85' title='bbox 1769 1240 1962 1309; x_wconf 84' lang='grc' dir='ltr'><strong><em>κακά.</em></strong></span> 
     </span>
    </p>

    <p class='ocr_par' dir='ltr' id='par_1_23' title="bbox 532 1335 2320 1537">
     <span class='ocr_line' id='line_1_26' title="bbox 534 1335 2320 1434; baseline 0.001 -22"><span class='ocrx_word' id='word_1_86' title='bbox 534 1335 577 1431; x_wconf 83' lang='grc' dir='ltr'><em>ἦ</em></span> <span class='ocrx_word' id='word_1_87' title='bbox 605 1342 798 1413; x_wconf 90' lang='grc' dir='ltr'><strong><em>πόλλ’</em></strong></span> <span class='ocrx_word' id='word_1_88' title='bbox 832 1340 1088 1433; x_wconf 79' lang='grc' dir='ltr'><strong><em>ἀνήρου</em></strong></span> <span class='ocrx_word' id='word_1_89' title='bbox 1116 1341 1186 1432; x_wconf 85' lang='grc' dir='ltr'><strong><em>μ’</em></strong></span> <span class='ocrx_word' id='word_1_90' title='bbox 1222 1346 1325 1412; x_wconf 77' lang='grc' dir='ltr'><strong><em>ἑνὶ</em></strong></span> <span class='ocrx_word' id='word_1_91' title='bbox 1356 1343 1534 1434; x_wconf 77' lang='grc' dir='ltr'><strong><em>λόγῳ</em></strong></span> <span class='ocrx_word' id='word_1_92' title='bbox 1562 1351 1682 1434; x_wconf 80' lang='grc' dir='ltr'><strong><em>μιᾷ</em></strong></span> <span class='ocrx_word' id='word_1_93' title='bbox 1708 1339 1785 1410; x_wconf 85' lang='grc' dir='ltr'><strong><em>θ’</em></strong></span> <span class='ocrx_word' id='word_1_94' title='bbox 1819 1339 1977 1433; x_wconf 73' lang='grc' dir='ltr'><strong><em>ὁδῷ.</em></strong></span> <span class='ocrx_word' id='word_1_95' title='bbox 2215 1360 2320 1416; x_wconf 84' lang='grc'><strong><em>765</em></strong></span> 
     </span>
     <span class='ocr_line' id='line_1_27' title="bbox 532 1441 1973 1537; baseline -0.001 -25"><span class='ocrx_word' id='word_1_96' title='bbox 532 1452 602 1513; x_wconf 91' lang='grc' dir='ltr'><strong><em>τί</em></strong></span> <span class='ocrx_word' id='word_1_97' title='bbox 628 1466 733 1513; x_wconf 85' lang='grc' dir='ltr'><strong><em>σοι</em></strong></span> <span class='ocrx_word' id='word_1_98' title='bbox 760 1443 1012 1532; x_wconf 79' lang='grc' dir='ltr'><strong><em>λέγοιμ’</em></strong></span> <span class='ocrx_word' id='word_1_99' title='bbox 1050 1441 1135 1514; x_wconf 68' lang='grc' dir='ltr'><strong><em>ἂν</em></strong></span> <span class='ocrx_word' id='word_1_100' title='bbox 1163 1445 1280 1526; x_wconf 79' lang='grc' dir='ltr'><strong><em>τὰς</em></strong></span> <span class='ocrx_word' id='word_1_101' title='bbox 1310 1449 1384 1514; x_wconf 83' lang='grc' dir='ltr'><strong><em>ἐν</em></strong></span> <span class='ocrx_word' id='word_1_102' title='bbox 1411 1451 1674 1537; x_wconf 74' lang='grc' dir='ltr'><strong><em>Αἰγαίῳ</em></strong></span> <span class='ocrx_word' id='word_1_103' title='bbox 1703 1442 1973 1532; x_wconf 79' lang='grc' dir='ltr'><strong><em>φθορὰς</em></strong></span> 
     </span>
    </p>

    <p class='ocr_par' dir='ltr' id='par_1_24' title="bbox 534 1544 1956 1635">
     <span class='ocr_line' id='line_1_28' title="bbox 534 1544 1956 1635; baseline -0.001 -19"><span class='ocrx_word' id='word_1_104' title='bbox 534 1545 613 1616; x_wconf 82' lang='grc' dir='ltr'><strong><em>τὰ</em></strong></span> <span class='ocrx_word' id='word_1_105' title='bbox 641 1552 1003 1614; x_wconf 81' lang='grc' dir='ltr'><strong><em>Ναυπλίου</em></strong></span> <span class='ocrx_word' id='word_1_106' title='bbox 1034 1546 1094 1613; x_wconf 86' lang='grc' dir='ltr'><strong><em>τ’</em></strong></span> <span class='ocrx_word' id='word_1_107' title='bbox 1135 1544 1441 1634; x_wconf 74' lang='grc' dir='ltr'><strong><em>Εὐβοϊκὰ</em></strong></span> <span class='ocrx_word' id='word_1_108' title='bbox 1471 1546 1956 1635; x_wconf 82' lang='grc' dir='ltr'><strong><em>πυρπολήματα</em></strong></span> 
     </span>
    </p>

    <p class='ocr_par' dir='ltr' id='par_1_25' title="bbox 532 1643 2328 2145">
     <span class='ocr_line' id='line_1_29' title="bbox 532 1643 2162 1738; baseline 0 -20"><span class='ocrx_word' id='word_1_109' title='bbox 532 1647 801 1738; x_wconf 82' lang='grc' dir='ltr'><strong><em>Κρήτης</em></strong></span> <span class='ocrx_word' id='word_1_110' title='bbox 832 1675 902 1715; x_wconf 85' lang='grc' dir='ltr'><strong><em>τε</em></strong></span> <span class='ocrx_word' id='word_1_111' title='bbox 931 1648 1187 1736; x_wconf 82' lang='grc' dir='ltr'><strong><em>Λιβύης</em></strong></span> <span class='ocrx_word' id='word_1_112' title='bbox 1227 1645 1306 1717; x_wconf 88' lang='grc' dir='ltr'><strong><em>θ’</em></strong></span> <span class='ocrx_word' id='word_1_113' title='bbox 1350 1643 1429 1728; x_wconf 72' lang='grc' dir='ltr'><strong><em>ἃς</em></strong></span> <span class='ocrx_word' id='word_1_114' title='bbox 1457 1647 1884 1738; x_wconf 79' lang='grc' dir='ltr'><strong><em>ἐπεστράφην</em></strong></span> <span class='ocrx_word' id='word_1_115' title='bbox 1913 1648 2162 1737; x_wconf 89' lang='grc' dir='ltr'><strong><em>πόλεις,</em></strong></span> 
     </span>
     <span class='ocr_line' id='line_1_30' title="bbox 532 1747 2090 1838; baseline 0.001 -19"><span class='ocrx_word' id='word_1_116' title='bbox 532 1750 807 1830; x_wconf 86' lang='grc' dir='ltr'><strong><em>σκοπιάς</em></strong></span> <span class='ocrx_word' id='word_1_117' title='bbox 836 1777 905 1818; x_wconf 90' lang='grc' dir='ltr'><strong><em>τε</em></strong></span> <span class='ocrx_word' id='word_1_118' title='bbox 932 1753 1276 1837; x_wconf 81' lang='grc' dir='ltr'><strong><em>Περσέως;</em></strong></span> <span class='ocrx_word' id='word_1_119' title='bbox 1301 1747 1448 1819; x_wconf 74' lang='grc' dir='ltr'><strong><em>οὔτ’</em></strong></span> <span class='ocrx_word' id='word_1_120' title='bbox 1470 1748 1556 1818; x_wconf 75' lang='grc' dir='ltr'><strong><em>ἄν</em></strong></span> <span class='ocrx_word' id='word_1_121' title='bbox 1587 1750 1986 1838; x_wconf 80' lang='grc' dir='ltr'><strong><em>ἐμπλήσαιμι</em></strong></span> <span class='ocrx_word' id='word_1_122' title='bbox 2014 1753 2090 1820; x_wconf 74' lang='grc' dir='ltr'><strong><em>σὲ</em></strong></span> 
     </span>
     <span class='ocr_line' id='line_1_31' title="bbox 535 1848 2328 1940; baseline 0.003 -20"><span class='ocrx_word' id='word_1_123' title='bbox 535 1851 806 1940; x_wconf 81' lang='grc' dir='ltr'><strong><em>μύθων,</em></strong></span> <span class='ocrx_word' id='word_1_124' title='bbox 837 1860 1053 1939; x_wconf 83' lang='grc' dir='ltr'><strong><em>λέγων</em></strong></span> <span class='ocrx_word' id='word_1_125' title='bbox 1080 1848 1140 1919; x_wconf 88' lang='grc' dir='ltr'><strong><em>τ’</em></strong></span> <span class='ocrx_word' id='word_1_126' title='bbox 1174 1848 1260 1921; x_wconf 70' lang='grc' dir='ltr'><strong><em>ἄν</em></strong></span> <span class='ocrx_word' id='word_1_127' title='bbox 1287 1873 1394 1921; x_wconf 88' lang='grc' dir='ltr'><strong><em>σοι</em></strong></span> <span class='ocrx_word' id='word_1_128' title='bbox 1422 1848 1569 1920; x_wconf 82' lang='grc' dir='ltr'><strong><em>κάκ’</em></strong></span> <span class='ocrx_word' id='word_1_129' title='bbox 1605 1849 1885 1939; x_wconf 78' lang='grc' dir='ltr'><strong><em>ἀλγοίην</em></strong></span> <span class='ocrx_word' id='word_1_130' title='bbox 1914 1859 2030 1938; x_wconf 86' lang='grc' dir='ltr'><strong><em>ἔτι,</em></strong></span> <span class='ocrx_word' id='word_1_131' title='bbox 2225 1869 2328 1925; x_wconf 87' lang='grc'><strong><em>770</em></strong></span> 
     </span>
     <span class='ocr_line' id='line_1_32' title="bbox 538 1952 2086 2043; baseline -0.001 -18"><span class='ocrx_word' id='word_1_132' title='bbox 538 1954 808 2043; x_wconf 80' lang='grc' dir='ltr'><strong><em>πάσχων</em></strong></span> <span class='ocrx_word' id='word_1_133' title='bbox 836 1952 899 2024; x_wconf 88' lang='grc' dir='ltr'><strong><em>τ’</em></strong></span> <span class='ocrx_word' id='word_1_134' title='bbox 936 1962 1225 2043; x_wconf 80' lang='grc' dir='ltr'><strong><em>ἔκαμνον</em></strong></span> <span class='ocrx_word' id='word_1_135' title='bbox 1246 1977 1260 1991; x_wconf 91' lang='grc'><em>·</em></span> <span class='ocrx_word' id='word_1_136' title='bbox 1299 1957 1402 2035; x_wconf 83' lang='grc' dir='ltr'><strong><em>δὶς</em></strong></span> <span class='ocrx_word' id='word_1_137' title='bbox 1430 1954 1506 2023; x_wconf 74' lang='grc' dir='ltr'><strong><em>δὲ</em></strong></span> <span class='ocrx_word' id='word_1_138' title='bbox 1533 1964 1954 2043; x_wconf 77' lang='grc' dir='ltr'><strong><em>λυπηθεῖμεν</em></strong></span> <span class='ocrx_word' id='word_1_139' title='bbox 1982 1952 2086 2024; x_wconf 72' lang='grc' dir='ltr'><strong><em>ἄν.</em></strong></span> 
     </span>
     <span class='ocr_line' id='line_1_33' title="bbox 536 2054 1758 2145; baseline -0.001 -20"><span class='ocrx_word' id='word_1_140' title='bbox 536 2057 811 2126; x_wconf 82' lang='grc' dir='ltr'><strong><em>κάλλιον</em></strong></span> <span class='ocrx_word' id='word_1_141' title='bbox 842 2056 1029 2137; x_wconf 85' lang='grc' dir='ltr'><strong><em>εἶπας</em></strong></span> <span class='ocrx_word' id='word_1_142' title='bbox 1056 2054 1099 2145; x_wconf 79' lang='grc' dir='ltr'><strong><em>ἥ</em></strong></span> <span class='ocrx_word' id='word_1_143' title='bbox 1127 2054 1193 2125; x_wconf 89' lang='grc' dir='ltr'><strong><em>σ’</em></strong></span> <span class='ocrx_word' id='word_1_144' title='bbox 1228 2054 1577 2145; x_wconf 82' lang='grc' dir='ltr'><strong><em>ἀνηρόμην</em></strong></span> <span class='ocrx_word' id='word_1_145' title='bbox 1609 2056 1758 2144; x_wconf 73' lang='grc' dir='ltr'><strong><em>ἐγώ.</em></strong></span> 
     </span>
    </p>

    <p class='ocr_par' dir='ltr' id='par_1_26' title="bbox 537 2154 2332 2551">
     <span class='ocr_line' id='line_1_34' title="bbox 539 2154 2116 2246; baseline -0.001 -19"><span class='ocrx_word' id='word_1_146' title='bbox 539 2154 613 2227; x_wconf 75' lang='grc' dir='ltr'><strong><em>ἓν</em></strong></span> <span class='ocrx_word' id='word_1_147' title='bbox 647 2155 711 2227; x_wconf 88' lang='grc' dir='ltr'><strong><em>δ’</em></strong></span> <span class='ocrx_word' id='word_1_148' title='bbox 749 2160 891 2229; x_wconf 76' lang='grc' dir='ltr'><strong><em>εἰπὲ</em></strong></span> <span class='ocrx_word' id='word_1_149' title='bbox 919 2159 1135 2228; x_wconf 90' lang='grc' dir='ltr'><strong><em>πάντα</em></strong></span> <span class='ocrx_word' id='word_1_150' title='bbox 1165 2158 1596 2245; x_wconf 72' lang='grc' dir='ltr'><strong><em>παραλιπών,</em></strong></span> <span class='ocrx_word' id='word_1_151' title='bbox 1629 2159 1841 2228; x_wconf 87' lang='grc' dir='ltr'><strong><em>πόσον</em></strong></span> <span class='ocrx_word' id='word_1_152' title='bbox 1869 2157 2116 2246; x_wconf 82' lang='grc' dir='ltr'><strong><em>χρόνον</em></strong></span> 
     </span>
     <span class='ocr_line' id='line_1_35' title="bbox 537 2256 2088 2350; baseline 0.002 -23"><span class='ocrx_word' id='word_1_153' title='bbox 537 2257 790 2328; x_wconf 86' lang='grc' dir='ltr'><strong><em>πόντου</em></strong></span> <span class='ocrx_word' id='word_1_154' title='bbox 816 2258 915 2329; x_wconf 83' lang='grc' dir='ltr'><strong><em>’πὶ</em></strong></span> <span class='ocrx_word' id='word_1_155' title='bbox 943 2259 1179 2339; x_wconf 75' lang='grc' dir='ltr'><strong><em>νώτοις</em></strong></span> <span class='ocrx_word' id='word_1_156' title='bbox 1209 2256 1403 2329; x_wconf 79' lang='grc' dir='ltr'><strong><em>ἅλιον</em></strong></span> <span class='ocrx_word' id='word_1_157' title='bbox 1431 2264 1764 2350; x_wconf 83' lang='grc' dir='ltr'><strong><em>ἐφθείρου</em></strong></span> <span class='ocrx_word' id='word_1_158' title='bbox 1791 2258 2088 2342; x_wconf 68' lang='grc' dir='ltr'><strong><em>πλάνους</em></strong></span> 
     </span>
     <span class='ocr_line' id='line_1_36' title="bbox 539 2360 2332 2453; baseline 0.002 -25"><span class='ocrx_word' id='word_1_159' title='bbox 539 2360 1099 2446; x_wconf 82' lang='grc' dir='ltr'><strong><em>ναυσθλούμενος</em></strong></span> <span class='ocrx_word' id='word_1_160' title='bbox 1134 2362 1305 2446; x_wconf 83' lang='grc' dir='ltr'><strong><em>πρὸς</em></strong></span> <span class='ocrx_word' id='word_1_161' title='bbox 1339 2382 1555 2432; x_wconf 86' lang='grc' dir='ltr'><strong><em>τοῖσιν</em></strong></span> <span class='ocrx_word' id='word_1_162' title='bbox 1593 2368 1666 2432; x_wconf 79' lang='grc' dir='ltr'><strong><em>ἐν</em></strong></span> <span class='ocrx_word' id='word_1_163' title='bbox 1714 2370 1923 2453; x_wconf 78' lang='grc' dir='ltr'><strong><em>Τροίᾳ</em></strong></span> <span class='ocrx_word' id='word_1_164' title='bbox 1959 2364 2122 2431; x_wconf 84' lang='grc' dir='ltr'><strong><em>δέκα</em></strong></span> <span class='ocrx_word' id='word_1_165' title='bbox 2223 2378 2332 2434; x_wconf 78' lang='grc'><strong><em>775</em></strong></span> 
     </span>
     <span class='ocr_line' id='line_1_37' title="bbox 540 2459 1874 2551; baseline 0.001 -23"><span class='ocrx_word' id='word_1_166' title='bbox 540 2466 711 2531; x_wconf 85' lang='grc' dir='ltr'><strong><em>ἔτεσι</em></strong></span> <span class='ocrx_word' id='word_1_167' title='bbox 740 2466 1031 2549; x_wconf 84' lang='grc' dir='ltr'><strong><em>διῆλθον</em></strong></span> <span class='ocrx_word' id='word_1_168' title='bbox 1059 2461 1221 2533; x_wconf 77' lang='grc' dir='ltr'><strong><em>ἑπτὰ</em></strong></span> <span class='ocrx_word' id='word_1_169' title='bbox 1251 2459 1658 2551; x_wconf 76' lang='grc' dir='ltr'><strong><em>περιδρομὰς</em></strong></span> <span class='ocrx_word' id='word_1_170' title='bbox 1686 2465 1874 2531; x_wconf 77' lang='grc' dir='ltr'><strong><em>ἐτῶν.</em></strong></span> 
     </span>
    </p>

    <p class='ocr_par' dir='ltr' id='par_1_27' title="bbox 539 2556 2207 2758">
     <span class='ocr_line' id='line_1_38' title="bbox 547 2556 2207 2654; baseline -0.001 -21"><span class='ocrx_word' id='word_1_171' title='bbox 547 2571 681 2651; x_wconf 87' lang='grc' dir='ltr'><strong><em>φεῦ</em></strong></span> <span class='ocrx_word' id='word_1_172' title='bbox 710 2571 845 2653; x_wconf 83' lang='grc' dir='ltr'><strong><em>φεῦ</em></strong></span> <span class='ocrx_word' id='word_1_173' title='bbox 865 2586 880 2601; x_wconf 89' lang='grc'><em>·</em></span> <span class='ocrx_word' id='word_1_174' title='bbox 910 2566 1169 2654; x_wconf 86' lang='grc' dir='ltr'><strong><em>μακρόν</em></strong></span> <span class='ocrx_word' id='word_1_175' title='bbox 1196 2562 1263 2654; x_wconf 85' lang='grc' dir='ltr'><strong><em>γ’</em></strong></span> <span class='ocrx_word' id='word_1_176' title='bbox 1303 2568 1560 2652; x_wconf 81' lang='grc' dir='ltr'><strong><em>ἔλεξας,</em></strong></span> <span class='ocrx_word' id='word_1_177' title='bbox 1593 2556 1647 2633; x_wconf 71' lang='grc' dir='ltr'><strong><em>οἶ</em></strong></span> <span class='ocrx_word' id='word_1_178' title='bbox 1675 2564 1907 2654; x_wconf 88' lang='grc' dir='ltr'><strong><em>τάλας,</em></strong></span> <span class='ocrx_word' id='word_1_179' title='bbox 1938 2563 2207 2653; x_wconf 86' lang='grc' dir='ltr'><strong><em>χρόνον.</em></strong></span> 
     </span>
     <span class='ocr_line' id='line_1_39' title="bbox 539 2658 2116 2758; baseline -0.001 -23"><span class='ocrx_word' id='word_1_180' title='bbox 539 2670 787 2747; x_wconf 78' lang='grc' dir='ltr'><strong><em>σωθεὶς</em></strong></span> <span class='ocrx_word' id='word_1_181' title='bbox 816 2664 875 2736; x_wconf 86' lang='grc' dir='ltr'><strong><em>δ’</em></strong></span> <span class='ocrx_word' id='word_1_182' title='bbox 910 2671 1178 2737; x_wconf 79' lang='grc' dir='ltr'><strong><em>ἐκεῖθεν</em></strong></span> <span class='ocrx_word' id='word_1_183' title='bbox 1205 2664 1444 2737; x_wconf 84' lang='grc' dir='ltr'><strong><em>ἐνθάδ’</em></strong></span> <span class='ocrx_word' id='word_1_184' title='bbox 1477 2658 1685 2755; x_wconf 85' lang='grc' dir='ltr'><strong><em>ἦλθες</em></strong></span> <span class='ocrx_word' id='word_1_185' title='bbox 1714 2674 1807 2747; x_wconf 84' lang='grc' dir='ltr'><strong><em>εἰς</em></strong></span> <span class='ocrx_word' id='word_1_186' title='bbox 1835 2667 2116 2758; x_wconf 88' lang='grc' dir='ltr'><strong><em>σφαγάς.</em></strong></span> 
     </span>
    </p>

    <p class='ocr_par' dir='ltr' id='par_1_28' title="bbox 536 2766 2333 3063">
     <span class='ocr_line' id='line_1_40' title="bbox 536 2766 2115 2858; baseline 0.001 -22"><span class='ocrx_word' id='word_1_187' title='bbox 536 2776 674 2848; x_wconf 77' lang='grc' dir='ltr'><strong><em>πῶς</em></strong></span> <span class='ocrx_word' id='word_1_188' title='bbox 704 2769 865 2857; x_wconf 82' lang='grc' dir='ltr'><strong><em>φής;</em></strong></span> <span class='ocrx_word' id='word_1_189' title='bbox 901 2776 972 2836; x_wconf 86' lang='grc' dir='ltr'><strong><em>τί</em></strong></span> <span class='ocrx_word' id='word_1_190' title='bbox 996 2772 1234 2852; x_wconf 79' lang='grc' dir='ltr'><strong><em>λέξεις;</em></strong></span> <span class='ocrx_word' id='word_1_191' title='bbox 1267 2766 1357 2849; x_wconf 72' lang='grc' dir='ltr'><strong><em>ὥς</em></strong></span> <span class='ocrx_word' id='word_1_192' title='bbox 1381 2766 1451 2857; x_wconf 88' lang='grc' dir='ltr'><strong><em>μ’</em></strong></span> <span class='ocrx_word' id='word_1_193' title='bbox 1485 2767 1863 2857; x_wconf 74' lang='grc' dir='ltr'><strong><em>ἀπώλεσας,</em></strong></span> <span class='ocrx_word' id='word_1_194' title='bbox 1892 2769 2115 2858; x_wconf 82' lang='grc' dir='ltr'><strong><em>γύναι.</em></strong></span> 
     </span>
     <span class='ocr_line' id='line_1_41' title="bbox 544 2861 2333 2961; baseline 0.003 -24"><span class='ocrx_word' id='word_1_195' title='bbox 544 2881 746 2938; x_wconf 85' lang='grc' dir='ltr'><strong><em>θανεῑ</em></strong></span> <span class='ocrx_word' id='word_1_196' title='bbox 771 2866 938 2957; x_wconf 84' lang='grc' dir='ltr'><strong><em>πρὸς</em></strong></span> <span class='ocrx_word' id='word_1_197' title='bbox 966 2866 1214 2960; x_wconf 79' lang='grc' dir='ltr'><strong><em>ἀνδρὸς</em></strong></span> <span class='ocrx_word' id='word_1_198' title='bbox 1246 2861 1332 2939; x_wconf 79' lang='grc' dir='ltr'><strong><em>οὗ</em></strong></span> <span class='ocrx_word' id='word_1_199' title='bbox 1357 2869 1506 2940; x_wconf 84' lang='grc' dir='ltr'><strong><em>τάδ’</em></strong></span> <span class='ocrx_word' id='word_1_200' title='bbox 1546 2874 1685 2941; x_wconf 81' lang='grc' dir='ltr'><strong><em>ἐστὶ</em></strong></span> <span class='ocrx_word' id='word_1_201' title='bbox 1712 2872 2000 2961; x_wconf 74' lang='grc' dir='ltr'><strong><em>δώματα.</em></strong></span> <span class='ocrx_word' id='word_1_202' title='bbox 2229 2888 2333 2945; x_wconf 85' lang='grc'><strong><em>781</em></strong></span> 
     </span>
     <span class='ocr_line' id='line_1_42' title="bbox 544 2967 1905 3063; baseline 0.004 -25"><span class='ocrx_word' id='word_1_203' title='bbox 544 2978 615 3039; x_wconf 89' lang='grc' dir='ltr'><strong><em>τί</em></strong></span> <span class='ocrx_word' id='word_1_204' title='bbox 634 2978 853 3060; x_wconf 82' lang='grc' dir='ltr'><strong><em>χρῆμα</em></strong></span> <span class='ocrx_word' id='word_1_205' title='bbox 883 2970 1132 3059; x_wconf 85' lang='grc' dir='ltr'><strong><em>δράσας</em></strong></span> <span class='ocrx_word' id='word_1_206' title='bbox 1160 2967 1348 3054; x_wconf 75' lang='grc' dir='ltr'><strong><em>ἄξιον</em></strong></span> <span class='ocrx_word' id='word_1_207' title='bbox 1373 2980 1490 3061; x_wconf 84' lang='grc' dir='ltr'><strong><em>τῆς</em></strong></span> <span class='ocrx_word' id='word_1_208' title='bbox 1518 2982 1905 3063; x_wconf 81' lang='grc' dir='ltr'><strong><em>συμφορᾶς;</em></strong></span> 
     </span>
    </p>

    <p class='ocr_par' dir='ltr' id='par_1_29' title="bbox 548 3069 1970 3165">
     <span class='ocr_line' id='line_1_43' title="bbox 548 3069 1970 3165; baseline 0.003 -24"><span class='ocrx_word' id='word_1_209' title='bbox 548 3071 731 3159; x_wconf 78' lang='grc' dir='ltr'><strong><em>ἥκεις</em></strong></span> <span class='ocrx_word' id='word_1_210' title='bbox 761 3069 1042 3154; x_wconf 70' lang='grc' dir='ltr'><strong><em>ἄελπτος</em></strong></span> <span class='ocrx_word' id='word_1_211' title='bbox 1069 3074 1383 3162; x_wconf 71' lang='grc' dir='ltr'><strong><em>ἐμποδών</em></strong></span> <span class='ocrx_word' id='word_1_212' title='bbox 1409 3073 1470 3145; x_wconf 87' lang='grc' dir='ltr'><strong><em>τ’</em></strong></span> <span class='ocrx_word' id='word_1_213' title='bbox 1507 3080 1687 3165; x_wconf 80' lang='grc' dir='ltr'><strong><em>ἐμοῖς</em></strong></span> <span class='ocrx_word' id='word_1_214' title='bbox 1716 3076 1970 3165; x_wconf 80' lang='grc' dir='ltr'><strong><em>γάμοις.</em></strong></span> 
     </span>
    </p>

    <p class='ocr_par' dir='ltr' id='par_1_30' title="bbox 538 3167 1919 3267">
     <span class='ocr_line' id='line_1_44' title="bbox 538 3167 1919 3267; baseline 0.003 -22"><span class='ocrx_word' id='word_1_215' title='bbox 538 3167 579 3263; x_wconf 81' lang='grc' dir='ltr'><strong><em>ἦ</em></strong></span> <span class='ocrx_word' id='word_1_216' title='bbox 612 3174 741 3265; x_wconf 79' lang='grc' dir='ltr'><strong><em>γὰρ</em></strong></span> <span class='ocrx_word' id='word_1_217' title='bbox 771 3190 1009 3264; x_wconf 80' lang='grc' dir='ltr'><strong><em>γαμεῖν</em></strong></span> <span class='ocrx_word' id='word_1_218' title='bbox 1040 3203 1139 3257; x_wconf 88' lang='grc' dir='ltr'><strong><em>τις</em></strong></span> <span class='ocrx_word' id='word_1_219' title='bbox 1165 3173 1322 3263; x_wconf 74' lang='grc' dir='ltr'><strong><em>τᾶμ’</em></strong></span> <span class='ocrx_word' id='word_1_220' title='bbox 1357 3179 1700 3267; x_wconf 81' lang='grc' dir='ltr'><strong><em>ἐβουλήθη</em></strong></span> <span class='ocrx_word' id='word_1_221' title='bbox 1731 3182 1919 3267; x_wconf 76' lang='grc' dir='ltr'><strong><em>λε’χη;</em></strong></span> 
     </span>
    </p>

    <p class='ocr_par' dir='ltr' id='par_1_31' title="bbox 546 3274 2337 3369">
     <span class='ocr_line' id='line_1_45' title="bbox 546 3274 2337 3369; baseline 0.004 -24"><span class='ocrx_word' id='word_1_222' title='bbox 546 3274 751 3367; x_wconf 77' lang='grc' dir='ltr'><strong><em>ὕβριν</em></strong></span> <span class='ocrx_word' id='word_1_223' title='bbox 777 3274 851 3346; x_wconf 86' lang='grc' dir='ltr'><strong><em>θ’</em></strong></span> <span class='ocrx_word' id='word_1_224' title='bbox 892 3274 1194 3365; x_wconf 76' lang='grc' dir='ltr'><strong><em>ὑβρίζειν</em></strong></span> <span class='ocrx_word' id='word_1_225' title='bbox 1224 3284 1318 3358; x_wconf 80' lang='grc' dir='ltr'><strong><em>εἰς</em></strong></span> <span class='ocrx_word' id='word_1_226' title='bbox 1345 3277 1448 3366; x_wconf 77' lang='grc' dir='ltr'><strong><em>ἔμ’</em></strong></span> <span class='ocrx_word' id='word_1_227' title='bbox 1480 3276 1566 3366; x_wconf 77' lang='grc' dir='ltr'><strong><em>ἢν</em></strong></span> <span class='ocrx_word' id='word_1_228' title='bbox 1595 3288 1793 3369; x_wconf 82' lang='grc' dir='ltr'><strong><em>ἔτλην</em></strong></span> <span class='ocrx_word' id='word_1_229' title='bbox 1822 3281 1973 3369; x_wconf 72' lang='grc' dir='ltr'><strong><em>ἐγώ.</em></strong></span> <span class='ocrx_word' id='word_1_230' title='bbox 2229 3296 2337 3353; x_wconf 85' lang='grc'><strong><em>785</em></strong></span> 
     </span>
    </p>
   </div>
   <div class='ocr_carea' id='block_1_16' title="bbox 448 3432 851 3443">
    <p class='ocr_par' dir='ltr' id='par_1_32' title="bbox 448 3432 851 3443">
     <span class='ocr_line' id='line_1_46' title="bbox 448 3432 851 3443; baseline 0 457"><span class='ocrx_word' id='word_1_231' title='bbox 448 3432 851 3443; x_wconf 95' lang='lat' dir='ltr'><strong><em> </em></strong></span> 
     </span>
    </p>
   </div>
   <div class='ocr_carea' id='block_1_17' title="bbox 537 3498 2342 3577">
    <p class='ocr_par' dir='ltr' id='par_1_33' title="bbox 537 3498 2342 3577">
     <span class='ocr_line' id='line_1_47' title="bbox 537 3498 2342 3577; baseline 0.006 -20"><span class='ocrx_word' id='word_1_232' title='bbox 537 3498 703 3572; x_wconf 79' lang='grc' dir='ltr'><strong><em>φεῦγ’</em></strong></span> <span class='ocrx_word' id='word_1_233' title='bbox 744 3499 818 3565; x_wconf 77' lang='grc' dir='ltr'><strong><em>ὥς</em></strong></span> <span class='ocrx_word' id='word_1_234' title='bbox 854 3500 1085 3577; x_wconf 78' lang='grc' dir='ltr'><strong><em>τάχιστα</em></strong></span> <span class='ocrx_word' id='word_1_235' title='bbox 1120 3500 1289 3573; x_wconf 78' lang='grc' dir='ltr'><strong><em>τῆσδ’</em></strong></span> <span class='ocrx_word' id='word_1_236' title='bbox 1326 3500 1710 3575; x_wconf 75' lang='grc' dir='ltr'><strong><em>ἀπαλλαχθεὶς</em></strong></span> <span class='ocrx_word' id='word_1_237' title='bbox 1744 3504 1978 3577; x_wconf 82' lang='grc' dir='ltr'><strong><em>χθονός.</em></strong></span> <span class='ocrx_word' id='word_1_238' title='bbox 2231 3513 2342 3567; x_wconf 86' lang='grc'><strong><em>780</em></strong></span> 
     </span>
    </p>
   </div>
  </div>
 </body>
</html>
