2492 3900
304 156 430 220 304
499 253 506 258 Ι

311 339 470 399 MA.

309 440 428 501 10.

315 541 451 604 MA

1041 125 1585 212 ΗΡΑΚΛΕΙΔΑΙ

536 331 610 397 έν
638 330 810 418 τῷδε
837 320 1223 410 κάχόμεσθα
1254 327 1564 408 σωθῆναι
1590 321 1804 413 λόγφς

535 432 610 498 ἐν
637 433 843 520 τῷδε,
876 423 1079 495 τᾶλλα
1111 421 1174 512 γ’
1211 420 1510 510 εὐτυχῶς
1538 423 1968 513 πεπραγότες.

537 531 629 622 μή
655 557 788 600 νυν
815 531 1050 618 τρέσῃς
1081 524 1174 596 ἔτ’
1208 523 1460 614 ἐχθρὸν
1484 521 1783 615 Ἀργεῖον
1812 525 2017 614 δόρυ·

539 632 672 722 έγώ
698 631 829 721 γὰρ
858 627 1028 718 αῦτὴ
1059 630 1222 718 πρὶν
1247 634 1736 716 κελευσθῆναι,
1763 630 1988 718 γέρον,

536 735 866 825 θνήσκειν
899 734 1126 820 ἑτοίμη
1156 732 1271 800 καὶ
1298 737 1754 816 παρίστασθαι
1780 735 2029 819 σφαγῇ.

538 847 610 907 τί
634 837 937 926 φήσομεν
964 833 1128 922 γάρ,
1160 839 1224 902 εἰ
1247 831 1437 912 πόλις
1464 832 1590 920 μὲν
1616 829 1791 915 ἀξιοῖ

537 944 866 1009 κίνδυνον
891 933 1084 1028 ἡμῶν
1125 933 1328 1006 εἵνεκ’
1372 944 1691 1023 αἴρεσθαι
1716 935 1948 1022 μέγαν,

534 1039 730 1112 αὐτοὶ
757 1040 834 1109 δὲ
861 1039 1337 1129 προστιθέντες
1364 1033 1673 1106 ἄλλοισιν
1698 1036 1969 1122 πόνους,

541 1142 757 1234 παρόν
783 1162 915 1231 σφε
949 1146 1194 1228 σῶσαι,
1227 1139 1661 1227 φευξόμεσθα
1686 1136 1777 1226 μὴ
1805 1148 2086 1220 θανεῖνς

537 1243 619 1314 ού
649 1241 822 1331 δῆτ’,
853 1247 1003 1314 έπεί
1026 1270 1128 1312 τοι
1155 1243 1271 1310 καὶ
1297 1243 1583 1330 γέλωτος
1611 1236 1780 1326 ἄξια,

535 1349 800 1416 στένειν
826 1345 951 1434 μὲν
986 1345 1202 1424 ἱκέτας
1230 1343 1575 1431 δαιμόνων
1601 1345 2049 1431 καθημένους,

537 1447 785 1536 πατρὸς
813 1444 878 1515 δ’
911 1450 1176 1516 ἐκείνου
1197 1445 1455 1533 φύντας
1482 1435 1567 1514 οῦ
1594 1444 2013 1533 πεφύκαμεν,

2210 544 2317 596 500

2216 1053 2319 1106 5⁰5

537 1547 790 1630 κακοὺς
819 1544 1111 1636 ὁρᾶσθαι
1130 1571 1144 1583 ·
1177 1554 1313 1616 ποῦ
1342 1545 1493 1616 τάδ’
1526 1549 1603 1613 έν
1639 1561 1947 1635 χρηστοῖς
1973 1549 2260 1638 πρέπει,

535 1650 846 1737 κάλλιον,
879 1647 1094 1737 οἶμαι,
1124 1645 1343 1737 τῆσδ’,
1373 1645 1417 1719 ἃ
1442 1645 1533 1737 μὴ
1560 1649 1747 1736 τύχοι
1779 1649 1958 1735 ποτέ,

536 1752 790 1833 πόλεως
819 1748 1107 1838 ἁλούσης
1136 1767 1361 1840 χεῖρας
1390 1758 1483 1832 εἰς
1509 1753 1777 1840 ἐχθρῶν
1803 1766 2035 1820 πεσεῖν

537 1850 820 1924 κᾶπειτα
854 1855 1038 1923 δεινὰ
1072 1850 1322 1942 πατρὸς
1350 1844 1565 1923 οὖσαν
1591 1850 1912 1940 εὐγενοῦς

537 1965 900 2029 παθοῦσαν
935 1954 1173 2045 ’Ἅιδην
1199 1957 1413 2044 μηδὲν
1438 1945 1651 2045 ἧσσον
1680 1961 1977 2025 εἰσιδεῖν.

541 2056 688 2130 ἀλλ’
725 2064 1100 2131 ἐκπεσοῦσα
1125 2055 1317 2147 τῆσδ’
1352 2054 1698 2146 ἀλητεύσω
1725 2058 1996 2147 χθονός,

539 2159 712 2231 κούκ
741 2168 1184 2249 αἰσχυνοῦμαι
1213 2157 1388 2249 δῆτ’,
1418 2158 1538 2229 ἐὰν
1566 2160 1650 2249 δή
1679 2186 1778 2241 τις
1810 2162 2003 2250 λέγῃ·

538 2271 609 2331 τί
632 2260 825 2353 δεῦρ’
859 2261 1183 2350 ἀφίκεσθ’
1221 2268 1529 2333 ίκεσίοισι
1556 2260 1688 2333 σῦν
1712 2262 1983 2343 κλάδοις

547 2361 741 2433 αὐτοὶ
769 2371 1337 2452 φιλοψυχοῦντες,
1368 2366 1536 2447 ἔξιτε
1560 2364 1841 2452 χθονός·

544 2464 792 2547 κακοὺς
818 2462 946 2556 γὰρ
973 2461 1163 2555 ἡμεῖς
1191 2464 1274 2536 ού
1303 2467 1936 2555 προσωφελήσομεν.

543 2566 688 2639 ἀλλ’
725 2565 888 2639 οὐδὲ
913 2570 1176 2656 μέντοι,
1205 2575 1421 2638 τῶνδε
1448 2568 1573 2656 μὲν
1599 2568 2053 2658 τεθνηκότων,

545 2668 717 2761 αὐτὴ
747 2671 823 2741 δὲ
854 2668 1161 2758 σωθεῖσ’,
1190 2667 1411 2741 ἐλπίδ’
1446 2661 1527 2739 εὖ
1554 2671 1830 2760 πράξειν
1860 2677 2019 2759 ἔχω·

545 2775 783 2843 πολλοὶ
808 2772 936 2861 γὰρ
964 2769 1094 2860 ἤδη
1125 2778 1285 2864 τῇδε
1314 2772 1707 2862 προύδοσαν
1730 2780 2006 2863 φίλους·

544 2882 643 2953 τίς
669 2873 798 2962 γὰρ
826 2872 1038 2962 κόρην
1067 2880 1318 2964 ἔρημον
1344 2870 1388 2963 ἢ
1416 2870 1698 2965 δάμαρτ’
1734 2882 1911 2964 ἔχειν

543 2972 588 3063 ἦ
614 2982 1038 3045 παιδοποιεῖν
1067 2978 1132 3059 έξ
1160 2980 1324 3065 ἐμοῦ
1354 2977 1789 3066 βουλήσεται,

547 3080 802 3147 οῦκουν
827 3088 1074 3148 θανεῖν
1105 3074 1386 3168 ἄμεινον
1413 3074 1457 3167 ἦ
1485 3080 1745 3150 τούτων
1774 3092 2000 3167 τυχεῖν

549 3176 859 3265 &metam
877 3177 1044 3271 ἄλλη
1074 3181 1151 3250 δὲ
1180 3184 1295 3252 καὶ
1322 3182 1559 3270 πρέπει
1587 3184 1723 3253 τινὶ

549 3288 806 3369 μᾶλλον
832 3280 1007 3371 τάδ’,
1039 3279 1184 3370 ἥτις
1209 3281 1301 3372 μὴ
1332 3280 1642 3373 ’πίσημος
1672 3282 1760 3366 ὥς
1789 3284 1939 3372 ἐγώ.

553 3379 820 3471 ἡγεῖσθ’
855 3380 1028 3453 ὅπου
1057 3390 1165 3454 δεῖ
1189 3392 1379 3474 σῶμα
1412 3398 1781 3458 κατθανεῖν
1807 3386 1965 3456 τόδε

552 3487 664 3553 καὶ
693 3493 1141 3574 στεμματοῦτε
1169 3490 1283 3555 καὶ
1311 3486 1740 3577 κατάρχεσθ’,
1774 3495 1837 3559 εἰ
1863 3494 2080 3559 δοκεῖ·

2228 1669 2323 1721 511

2227 2076 2331 2129 515

2233 2586 2339 2641 520

2237 3093 2341 3147 525
