2492 3900
278 159 399 224 166

270 1661 414 1722 ΧΟ.

271 2068 410 2130 ΛΓ.

1137 162 1434 221 ΕΚΑΒΗ

505 327 712 401 ἄκουε
744 328 828 417 δή
857 351 1020 398 νυν·
1060 325 1182 397 τὸν
1209 329 1511 399 θανόντα
1539 328 1725 401 τόνδ’
1759 329 1959 425 ὁρᾷς;

504 438 751 502 τοῦτον
777 437 997 512 καλῶς
1025 436 1210 521 δρῶν
1239 427 1403 501 ὅντα
1429 433 1761 522 κηδεστὴν
1789 438 1997 505 σέθεν

503 533 790 623 δράσεις.
846 533 993 614 ἑνός
1020 559 1131 620 μοι
1158 540 1381 620 μῦθος
1409 534 1641 623 ἐνδεὴς
1670 543 1786 605 ἔτι.
2160 552 2305 609 -835

504 646 571 705 εἴ
593 662 706 723 μοι
733 637 994 723 γένοιτο
1023 635 1329 723 φθόγγος
1357 639 1432 704 ἐν
1460 645 1769 727 βραχίοσι

501 740 614 809 καὶ
644 739 830 825 χερσὶ
858 738 972 804 καὶ
1002 736 1272 824 κόμαισι
1301 739 1415 807 καὶ
1442 744 1675 807 ποδῶν
1702 738 1894 826 βάσει

500 834 543 927 ἢ
570 837 920 907 Δαιδάλου
953 839 1292 925 τέχναισιν
1318 834 1363 925 ἦ
1389 846 1578 909 θεῶν
1603 868 1804 927 τινος,

503 936 593 1020 ὥς
619 936 830 1011 πάνθ’
866 935 1120 1031 ὁμαρτῇ
1150 946 1291 1009 σῶν
1319 946 1573 1027 ἔχοιντο
1600 941 1950 1029 γουνάτων

497 1038 794 1113 κλαίοντ’
830 1040 1319 1129 ἐπισκήπτοντα
1348 1049 1707 1123 παντοίους
1738 1042 2003 1130 λόγους.
2180 1058 2297 1112 840

502 1135 558 1213 ὦ
586 1140 882 1229 δέσποτ’,
915 1134 968 1211 ὦ
995 1145 1311 1230 μέγιστον
1322 1140 1637 1232 Ἕλλησιν
1664 1144 1854 1233 φάος,

501 1254 747 1333 πιθοῦ,
779 1245 1111 1334 παράσχες
1136 1259 1327 1333 χεῖρα
1355 1252 1434 1334 τῇ
1463 1245 1857 1334 πρεσβύτιδι

501 1347 828 1435 τιμωρόν,
862 1353 925 1416 εἰ
948 1348 1060 1416 καὶ
1088 1349 1303 1435 μηδέν
1332 1350 1545 1433 ἐστιν,
1576 1344 1721 1416 ἀλλ’
1756 1343 1954 1435 ὅμως.

502 1454 754 1518 ἐσθλοῦ
780 1447 909 1538 γὰρ
937 1445 1185 1539 ἀνδρὸς
1212 1455 1293 1537 τῇ
1323 1453 1479 1537 δίκῃ
1510 1445 1585 1517 θ’
1618 1445 1980 1538 ὑπηρετεῖν

499 1552 613 1619 καὶ
640 1546 800 1629 τοὺς
827 1547 1076 1629 κακοὺς
1103 1555 1277 1639 δρᾶν
1303 1558 1643 1637 πανταχοῦ
1672 1558 1891 1631 κακῶς
1919 1547 2045 1619 ἀεί.
2181 1564 2293 1621 845

500 1651 728 1721 δεινόν
756 1677 867 1737 γε,
897 1660 1175 1737 θνητοῖς
1205 1647 1296 1731 ὥς
1326 1647 1587 1721 ἅπαντα
1613 1659 1992 1739 συμπίτνει,

502 1756 615 1822 καὶ
643 1752 759 1833 τὰς
787 1750 1082 1840 ἀνάγκας
1108 1758 1178 1821 οἰ
1195 1752 1395 1841 νόμοι
1425 1752 1771 1843 διώρισαν,

503 1863 744 1946 φίλους
771 1855 1073 1935 τιθέντες
1099 1854 1256 1935 τούς
1284 1882 1361 1941 γε
1388 1856 1926 1944 πολεμιωτάτους

503 1957 792 2048 ἐχθρούς
820 1986 890 2027 τε
919 1956 1076 2039 τοὺς
1103 1960 1265 2047 πρὶν
1296 1956 1598 2046 εὐμενεῖς
1625 1959 2037 2046 ποιούμενοι.

501 2060 632 2150 ἐγώ
661 2062 736 2130 σὲ
764 2063 876 2128 καὶ
905 2059 1029 2131 σὸν
1055 2065 1263 2129 παῖδα
1292 2063 1404 2130 καὶ
1433 2061 1632 2148 τύχας
1659 2063 1885 2147 σέθεν,
2182 2075 2293 2129 850

493 2160 766 2250 Ἑκάβη,
801 2159 893 2230 δι’
929 2172 1158 2231 οἴκτου
1185 2161 1376 2252 χεῖρά
1406 2159 1481 2230 θ’
1518 2167 1778 2231 ἱκεσίαν
1808 2167 1933 2248 ἔχω

503 2266 617 2332 καὶ
645 2262 974 2350 βούλομαι
1003 2270 1190 2332 θεῶν
1218 2261 1296 2331 θ’
1339 2265 1544 2333 εἵνεκ’
1601 2261 1875 2333 ἀνόσιον
1902 2264 2097 2346 ξένον

501 2367 613 2434 καὶ
642 2371 763 2432 τοῦ
792 2367 1063 2433 δικαίου
1093 2363 1295 2451 τήνδε
1322 2385 1428 2434 σοι
1459 2371 1702 2434 δοῦναι
1730 2370 1948 2453 δίκην,

504 2478 571 2536 εἴ
590 2493 729 2546 πως
760 2475 1007 2554 φανείη
1037 2463 1102 2554 γ’
1138 2462 1305 2535 ὥστε
1334 2474 1449 2536 σοί
1470 2464 1532 2536 τ’
1566 2474 1742 2555 ἔχειν
1769 2473 2008 2553 καλῶς,

501 2575 761 2662 στρατῷ
789 2596 860 2638 τε
886 2567 976 2656 μὴ
1005 2569 1268 2657 δόξαιμι
1299 2567 1700 2658 Κασάνδρας
1725 2569 1922 2659 χάριν
2180 2583 2287 2637 855

506 2669 774 2762 Θρῄκης
805 2669 1040 2741 ἄνακτι
1066 2671 1265 2741 τόνδε
1294 2678 1661 2759 βουλεῦσαι
1689 2671 1926 2761 φόνον.

504 2782 684 2844 ἔστιν
713 2771 840 2860 γὰρ
868 2764 912 2860 ᾖ
939 2771 1273 2861 ταραγμὸς
1301 2774 1689 2860 ἐμπέπτωκέ
1712 2795 1856 2861 μοι·

503 2873 624 2944 τὸν
653 2871 868 2962 ἄνδρα
897 2880 1136 2941 τοῦτον
1164 2881 1397 2960 φίλιον
1424 2871 1683 2962 ἡγεῖται
1709 2873 2004 2964 στρατός,

503 2973 623 3045 τὸν
650 2972 1074 3044 κατθανόντα
1103 2971 1168 3043 δ’
1200 2975 1480 3064 ἐχθρόν·
1518 2984 1581 3046 εἰ
1621 2977 1687 3046 δ’
1725 2980 1871 3065 ἐμοὶ
1903 2983 2098 3063 φίλος

504 3074 610 3145 ὅδ’
643 3080 813 3163 ἐστί,
842 3078 1044 3166 χωρὶς
1070 3083 1267 3146 τοῦτο
1294 3075 1421 3146 κού
1450 3077 1685 3148 κοινὸν
1712 3085 1991 3170 στρατῷ.
2176 3093 2289 3148 860

503 3306 563 3364 ἐκ
588 3313 692 3366 τοῦ
711 3310 914 3367 σκότου
949 3334 1006 3370 τε
1040 3316 1155 3367 τῶν
1173 3332 1232 3367 τε
1251 3319 1633 3384 ννκτερησίων
2180 3313 2284 3366 831

413 3442 422 3450 .
503 3397 751 3464 φίλτρων
775 3397 1001 3464 μεγίστη
1026 3397 1270 3465 γίγνεται
1298 3401 1526 3469 βροτοῖς
1548 3392 1733 3464 χάρις.
