2492 3900
269 130 395 199 110

263 825 389 889 ΔΙ.

261 1336 407 1401 ΧΟ.

261 1543 389 1606 ΔΙ.

1125 134 1453 195 ΒΑΚΧΑῙ

499 310 681 377 Δίου
707 308 1034 393 βροντᾶς,

500 412 722 477 δίκετε
751 403 995 475 πεδόσε
1025 408 1243 473 δίκετε
1272 400 1561 493 τρομερὰ
2178 426 2287 482 600

498 510 804 598 σώματα,
830 505 1184 587 Μαινάδες
1200 527 1216 542 ·

499 610 536 682 ὁ
563 610 695 703 γὰρ
725 606 892 692 ἅναξ
920 606 1061 679 ἅνω
1089 608 1269 678 κάτω
1296 610 1513 691 τιθεὶς
1541 615 1755 680 ἔπεισι

495 716 803 804 μέλαθρα
829 712 988 783 τάδε
1013 709 1184 793 Διὸς
1216 712 1436 799 γόνος.

497 817 830 908 βάρβαροι
857 829 1174 904 γυναῖκες
1191 865 1210 901 ,
1239 811 1457 895 οὕτως
1490 815 2030 903 ἐκπεπληγμέναι
2059 817 2255 911 φόβῳ

495 918 664 1011 πρὸς
689 918 874 1012 πέδῳ
901 909 1268 991 πεπτώκατ’
1297 947 1316 1000 3
1362 913 1683 1007 ᾔσθησθ’,
1716 912 1805 997 ὥς
1833 922 2041 1006 ἔοικε,
2070 927 2256 989 Βακ-

1176 1026 1335 1107 χίου
1844 1050 1851 1057 ·
2177 1038 2285 1093 605

495 1125 1018 1208 [διατινάξαντος
1045 1127 1238 1208 δῶμα
1265 1122 1624 1201 Πενθέως·
1654 1117 1791 1191 ἀλλ’
1824 1123 2205 1203 ἐξανίστατε

497 1233 688 1316 σῶμα
716 1228 831 1296 καὶ
857 1237 1176 1315 θαρσεῖτε
1205 1222 1458 1313 σάρκας
1484 1226 1919 1311 ἐξαμείψασαι
1945 1224 2239 1315 τρόμον1.

493 1319 549 1398 ὦ
577 1330 751 1419 φάος
775 1330 1092 1418 μέγιστον
1118 1322 1282 1415 ἡμῖν
1310 1323 1505 1396 εὐίου
1533 1326 2011 1415 βακχεύματος,

496 1427 587 1515 ὥς
611 1435 873 1502 ἐσεῖδον
902 1429 1156 1519 ἀσμένη
1189 1451 1303 1517 σε,
1331 1426 1577 1518 μονάδ’
1613 1425 1835 1517 ἔχουσ’
1871 1431 2175 1519 ἐρημίαν.

497 1541 594 1616 είς
621 1531 930 1622 ἀθυμίαν
958 1528 1300 1621 ἀφίκεσθ’,
1331 1528 1502 1619 ἡνίκ’
1539 1527 2057 1620 εἰσεπεμπόμην,
2177 1547 2282 1602 610

494 1640 819 1717 Πενθέως
849 1631 936 1717 ὥς
974 1641 1069 1715 είς
1096 1631 1446 1715 σκοτεινὰς
1480 1631 1773 1725 ὁρκάνας
1800 1632 2250 1721 πεσούμενος;

263 1748 407 1809 ΧΟ.
489 1747 630 1821 πῶς
661 1738 788 1830 γὰρ
821 1732 940 1822 οὕς
996 1743 1096 1819 τίς
1125 1763 1239 1825 μοι
1270 1736 1489 1825 φύλαξ
1516 1727 1641 1825 ἦν,
1698 1742 1762 1807 εἰ
1796 1734 1885 1805 σὺ
1926 1742 2283 1826 συμφορᾶς

262 2055 387 2116 ΔΙ.

263 2157 408 2218 XO.

261 2261 387 2320 AI.

1177 1866 1439 1928 τυχοις;

495 1941 666 2015 ἀλλὰ
695 1951 836 2026 πῶς
861 1940 1350 2034 ἠλευθερώθης
1378 1938 1626 2032 ἀνδρὸς
1660 1937 1942 2012 ἀνοσίου
1968 1940 2222 2030 τυχών;

495 2045 700 2129 αὐτὸς
728 2044 995 2130 ἐξέσωσ’
1029 2044 1321 2135 ἐμαυτὸν
1350 2049 1599 2137 ῥᾳδίως
1628 2040 1796 2116 ἄνευ
1822 2043 2057 2115 πόνου.

495 2146 664 2220 οὐδέ
687 2170 811 2219 σου
839 2157 1103 2238 συνῆψε
1128 2163 1311 2236 χεῖρε
1348 2152 1723 2236 δεσμίοισιν
1742 2150 1817 2217 ἐν
1844 2145 2148 2238 βρόχοις;
2177 2162 2281 2217 615

494 2259 704 2321 ταῦτα
741 2253 855 2321 καὶ
913 2247 1285 2340 καθύβρισ’
1333 2246 1575 2337 αὐτόν,
1630 2244 1733 2318 ὅτι
1786 2275 1871 2338 με
1924 2247 2280 2338 δεσμεύειν

1185 2357 1412 2421 δοκῶν

497 2451 631 2525 οὔτ’
679 2460 916 2543 ἔθιγεν
958 2448 1110 2523 οὔθ’
1157 2449 1366 2540 ἥψαθ’
1413 2450 1640 2542 ἡμῶν,
1701 2457 1969 2526 ἐλπίσιν
2008 2450 2076 2523 δ’
2122 2453 2279 2540 ἐβό-

1183 2578 1399 2626 σκετο.

499 2657 666 2752 πρὸς
694 2658 980 2748 φάτναις
1008 2659 1085 2728 δὲ
1110 2665 1368 2748 ταῦρον
1400 2656 1646 2751 εὑρών,
1677 2650 1763 2730 οὗ
1789 2654 2087 2748 καθεῖρξ’
2106 2653 2279 2746 ἡμᾶς

1183 2789 1393 2849 αγων,

493 2866 666 2956 τῷδε
723 2863 880 2952 περὶ
933 2861 1224 2951 βρόχους
1290 2869 1529 2951 ἔβαλλε
1588 2861 1830 2954 γόνασι
1880 2865 1997 2934 καὶ
2047 2869 2277 2950 χηλαῖς
2388 2873 2395 2878 ’
2480 2871 2492 2908 “·

1188 2970 1377 3035 ποδῶ

497 3063 730 3155 θυμὸν
757 3068 1080 3158 ἐκπνέων,
1105 3073 1356 3159 ἱδρῶτα
1380 2997 1686 3157 ε’ωματος
1711 3067 1969 3152 στάζων
1994 3064 2148 3155 ἄπο,
2178 3083 2279 3138 620

492 3176 788 3258 χείλεσιν
815 3168 1054 3252 διδοὺς
1080 3167 1395 3252 ὀδόντας·
1428 3178 1715 3260 πλησίον
1744 3165 1813 3240 δ’
1846 3167 1979 3258 ἐγώ
2015 3166 2253 3259 παρεὸν

491 3267 744 3361 ἥσυχος
770 3273 1051 3344 θάσσων
1081 3281 1427 3344 ἔλευσσον.
1486 3277 1561 3344 ἐν
1588 3272 1664 3345 δὲ
1690 3277 1867 3366 τῶδε
1893 3279 1989 3367 τῷ
2016 3268 2241 3364 χρόνῳ

493 3371 830 3457 ἀνετίναξ’
849 3374 1077 3447 &we-512
1103 3372 1140 3447 ὁ
1160 3375 1418 3465 Βάκχος
1446 3380 1637 3464 δῶμα
1664 3377 1780 3446 καὶ
1807 3373 2060 3468 μητρὸς
2084 3373 2279 3466 τάφῳ
2404 3383 2409 3388 ’

492 3484 632 3570 πῦρ
663 3475 857 3569 ἀνῆψ’
878 3501 893 3516 ·
925 3476 962 3548 ὃ
981 3477 1046 3548 δ’
1069 3476 1160 3560 ῶς
1187 3483 1425 3567 ἐσεῖδε,
1448 3475 1688 3568 δώματ’
1710 3488 2037 3550 αἴθεσθαι
2056 3481 2278 3548 δοκῶν
