2492 3900
168 513 307 577 XO.

1058 140 1359 198 EKABH
2071 143 2184 208 177

402 307 593 394 γένος
622 304 749 394 γὰρ
780 303 937 376 οὔτε
966 304 1206 386 πόντος
1235 303 1392 377 οὔτε
1419 315 1502 396 γῆ
1533 312 1765 397 τρέφει

396 404 679 494 τοιόνδ’,
711 404 747 476 ὃ
778 404 842 476 δ’
875 404 981 477 ἀεὶ
1014 405 1360 495 ξυντυχών
1387 411 1748 480 ἐπίσταται.

397 507 609 596 μηδὲν
638 506 992 598 θρασύνου
1019 509 1189 597 μηδὲ
1213 525 1350 590 τοῖς
1376 518 1631 581 σαυτοῦ
1660 529 1888 595 κακοῖς

403 611 477 678 τὸ
508 616 693 698 θῆλυ
721 612 1003 690 συνθεὶς
1036 601 1172 679 ὦδε
1197 617 1336 680 πᾶν
1369 614 1596 703 μέμψῃ
1625 615 1819 700 γένος
1837 638 1852 654 ·

410 712 643 779 πολλαὶ
672 709 800 799 γὰρ
832 707 1057 799 ἡμῶν,
1090 719 1167 783 αἳ
1190 712 1316 799 μὲν
1344 709 1470 782 είσ’
1504 716 1890 805 ἐπίφθονοι,
2057 735 2182 788 1185

398 819 473 880 αἱ·
495 808 559 880 δ’
595 817 689 892 εἰς
715 809 1013 901 ἀριθμὸν
1040 818 1178 882 τῶν
1202 821 1433 884 κακῶν
1459 816 1878 905 πεφύκαμεν.

170 920 312 982 ΕΚ.
392 909 804 1001 Ἀγάμεμνον
823 965 840 999 ,
871 910 1340 1003 ἀνθρώποισιν
1369 913 1496 985 οὐκ
1533 920 1734 1006 ἐχρῆν
1762 943 1923 989 ποτε

402 1021 539 1083 τῶν
571 1015 979 1103 πραγμάτων
1007 1013 1130 1104 τὴν
1158 1021 1471 1102 γλῶσσαν
1505 1019 1763 1104 ἰσχύειν
1792 1023 2030 1090 πλέον·

400 1110 548 1184 ἀλλ’
582 1125 712 1186 εἴτε
738 1112 967 1203 χρήστ’
1001 1123 1276 1206 ἔδρασε,
1304 1116 1534 1206 χρήστ’
1567 1125 1705 1188 ἔδει
1733 1122 1976 1210 λέγειν,

402 1213 522 1284 εἴτ’
556 1209 646 1285 αὖ
674 1217 968 1305 πονηρά,
998 1216 1158 1297 τούς
1184 1217 1428 1305 λόγους
1458 1218 1630 1290 εἶναι
1655 1223 1961 1311 σαθροὺς
2056 1243 2182 1296 1190

405 1321 515 1386 καὶ
543 1316 633 1406 μὴ
666 1318 1008 1387 δύνασθαι
1040 1315 1260 1388 τᾶδικ’
1299 1311 1381 1388 εὖ
1409 1323 1632 1409 λέγειν
1659 1326 1836 1392 ποτέ.

400 1421 599 1506 σοφοὶ
627 1419 751 1507 μὲν
779 1410 908 1488 οὖν
944 1417 1069 1489 είσ’
1104 1426 1175 1489 οἰ
1197 1417 1349 1489 τάδ’
1381 1417 1850 1512 ήκριβωκότες,

401 1516 547 1589 ἄλλ’
586 1517 669 1588 οὐ
704 1520 1000 1591 δύναιντ’
1040 1519 1126 1592 ἂν
1157 1523 1266 1592 διὰ
1303 1524 1540 1602 τέλους
1578 1523 1748 1592 εἶναι
1781 1531 2007 1615 σοφοί,

397 1627 616 1702 κακῶς
644 1618 711 1689 δ’
743 1618 1078 1691 ἀπώλοντ’
1099 1643 1114 1658 ·
1144 1619 1327 1702 οὔτις
1353 1623 1624 1711 έξήλυξέ
1644 1650 1768 1692 πω.

399 1730 519 1792 καί
544 1751 655 1809 μοι
683 1721 757 1791 τὸ
783 1722 907 1809 μὲν
937 1721 1060 1792 σὸν
1088 1714 1221 1792 ὦδε
1251 1732 1589 1812 φροιμίοις
1619 1730 1753 1812 ἔχει
1771 1747 1786 1762 ·
2052 1744 2177 1797 1195

400 1822 565 1912 πρὸς
592 1824 789 1892 τόνδε
815 1820 882 1892 δ’
918 1824 1049 1912 εἶμι
1078 1826 1190 1893 καὶ
1217 1823 1438 1912 λόγοις
1465 1822 1848 1914 ἀμείψομαι,

395 1921 468 2005 ὃς
500 1911 655 2016 φήὸ
688 1922 970 2013 Ἀχαιῶν
999 1924 1211 1995 πόνον
1243 1923 1692 1998 ἀπαλλάσσων
1728 1933 2016 1999 διπλοῦν

396 2025 880 2116 Ἀγαμέμνονός
910 2025 987 2097 θ’
1025 2019 1209 2097 ἕκατι
1237 2028 1426 2096 παῖδ’
1461 2026 1625 2115 ἐμὸν
1652 2041 1943 2097 κτανεῖν.

398 2126 543 2198 ἀλλ’
580 2120 635 2198 ὦ
661 2128 963 2218 κάκιστε,
994 2125 1526 2219 πρῶτον-οὔποτ’
1559 2124 1646 2198 ἂν
1675 2136 1877 2216 φίλον

399 2230 471 2300 τὸ
501 2231 846 2319 βάρβαρον
870 2228 1116 2319 γένοιτ’
1150 2225 1235 2301 ἂν
1254 2216 1568 2319 Ἕῒλησιν
1595 2233 1786 2319 γένος
2045 2250 2178 2301 1200

398 2328 548 2401 οὐδ’
585 2326 670 2401 ἂν
696 2332 992 2402 δύναιτο.
1030 2339 1183 2401 τίνα
1210 2332 1286 2402 δὲ
1315 2335 1426 2401 καὶ
1451 2330 1769 2403 σπεύδων
1795 2331 1992 2421 χάριν

398 2434 746 2521 πρόθυμος
772 2424 987 2521 ἦσθα;
1024 2433 1271 2522 πότερα
1299 2434 1650 2521 κηδεύσων
1677 2431 1827 2501 τινὰ

398 2529 442 2621 ἧ
467 2533 790 2623 ξυγγενὴς
819 2532 947 2623 ὤν,
977 2531 1022 2623 ἦ
1051 2533 1183 2604 τίν’
1216 2540 1438 2603 αἰτίαν
1466 2542 1669 2622 ἔχωνς

398 2630 441 2721 ἦ
468 2642 585 2723 σῆς
614 2642 892 2723 ἔμελλον
918 2644 1040 2725 γῆς
1068 2651 1292 2724 τεμεῖν
1317 2636 1744 2724 βλαστήματα

397 2737 803 2819 πλεύσαντες
836 2728 1073 2821 αὖθις;
1106 2745 1258 2807 τίνα
1286 2742 1503 2819 δοκεῖς
1531 2744 1790 2807 πείσειν
1817 2734 2012 2818 τάδες
2049 2754 2176 2805 1205

398 2834 432 2907 ὁ
464 2838 743 2928 χρυσός,
776 2846 841 2909 εί
876 2840 1148 2928 βούλοιο
1176 2836 1438 2929 τάληθῆ
1471 2841 1712 2927 λέγειν,

398 2947 650 3010 ἔκτεινε
676 2939 796 3010 τὸν
822 2940 985 3029 ἐμὸν
1012 2948 1220 3011 παῖδα
1249 2943 1363 3010 καὶ
1389 2944 1594 3030 κέρδη
1623 2938 1703 3009 τὰ
1731 2938 1834 3007 σά.

397 3044 540 3112 ἐπεὶ
566 3045 841 3125 δίδαξον
868 3050 1099 3111 τοῦτο·
1140 3049 1280 3123 πῶς
1311 3038 1410 3110 ὅτ’
1443 3039 1716 3129 ηὐτύχει

404 3150 642 3232 Τροία,
674 3146 861 3232 πέριξ
890 3144 963 3215 δὲ
991 3143 1248 3233 πύργος
1279 3140 1400 3231 εἶχ’
1442 3152 1538 3213 ἔτι
1567 3144 1822 3227 πτόλιν,

396 3250 501 3333 ἔζη
529 3273 600 3314 τε
628 3252 931 3335 Πρίαμος
948 3243 1264 3335 ’Ἕκτορός
1293 3243 1351 3314 τ’
1384 3243 1586 3333 ἤνθει
1617 3246 1807 3335 δόρυ,
2045 3262 2178 3313 1210

395 3354 467 3414 τί
488 3343 553 3415 δ’
586 3344 668 3416 οὐ
695 3344 833 3416 τότ’
856 3399 875 3435 ,
907 3358 1095 3438 εἴπερ
1125 3344 1289 3442 τῷδ’
1325 3348 1701 3436 ἐβουλήθης
1728 3346 1924 3434 χάριν

395 3449 677 3535 θέσθαι,
707 3450 976 3537 τρέφων
1002 3446 1120 3518 τὸν
1148 3454 1355 3519 παῖδα
1384 3448 1513 3519 κᾶν
1545 3450 1774 3537 δόμοις
1800 3452 1972 3531 ἔχων

333 3564 515 3606 ssvmp.
560 3568 687 3605 vot.
736 3552 775 3605 1.
1758 3542 1838 3605 12
