2492 3900
1117 182 1444 240 ΒΑΚΧΑΙ
2126 184 2247 249 103

457 352 578 424 τὸν
597 354 899 441 Σεμέλας
925 349 1045 421 τὸν
1073 351 1255 442 παρὰ
1282 354 1837 443 καλλιστεφάνοις

454 454 912 547 εὐφροσύναις
937 459 1224 543 δαίμονα
1252 462 1443 546 πρῶ-

452 584 573 628 τον
601 555 959 646 μακάρων;
988 552 1062 638 ὃς
1091 554 1237 626 τάδ’
1272 564 1428 647 ἔχει,

453 659 811 730 θιασεύειν
837 684 909 727 τε
937 673 1160 749 χοροῖς

451 761 618 851 μετά
645 758 694 830 τ’
728 757 946 830 αὐλοῦ
975 761 1253 849 γελάσαι
2138 782 2243 837 380

451 861 848 933 ἀποπαῦσαί
869 890 937 932 τε
974 870 1320 953 μερίμνας,

452 961 705 1036 ὁπόταν
732 963 1022 1056 βότρυος
1051 972 1221 1056 ἔλθῃ

450 1068 652 1156 γάνος
683 1070 756 1137 ἐν
786 1070 965 1137 δαιτὶ
993 1074 1201 1156 θεῶν,

451 1168 880 1259 κισσοφόροις
908 1167 973 1240 δ’
1011 1174 1086 1239 ἐν
1112 1177 1387 1251 θαλίαις

451 1269 737 1363 ἀνδράσι
764 1270 1019 1362 κρατὴρ
1049 1269 1274 1343 ὕπνον
1304 1270 1713 1365 άμφιβάλλῃ.
2138 1290 2240 1346 385

367 1380 436 1421 s
454 1370 794 1469 ἀχαλίνων
821 1374 1171 1463 στομάτων
1990 1404 2134 1447 αντ.

453 1472 710 1563 ἀνόμου
742 1473 790 1545 τ’
827 1474 1221 1567 ἀφροσύνας

448 1574 524 1648 τὸ
553 1580 739 1660 τέλος
769 1584 1127 1667 δυστυχία·

451 1675 487 1749 ὁ
518 1679 592 1750 δὲ
618 1688 736 1762 τᾶς
763 1678 1043 1770 ἡσυχίας

447 1789 672 1871 βίοτος
699 1786 814 1853 καὶ
841 1783 917 1852 τὸ
949 1798 1233 1875 φρονεῖν
2136 1800 2240 1855 390

449 1881 823 1955 ἀσάλευτόν
851 1911 923 1955 τε
949 1886 1137 1974 μένει

448 1989 564 2056 καὶ
597 1988 865 2073 συνέχει
896 1987 1200 2074 δώματα·
1235 1985 1467 2074 πόρσω
1494 1985 1623 2075 γὰρ
1654 1984 1830 2075 ὅμως

446 2089 695 2178 αἰθέρα
725 2093 1030 2170 ναίοντες
1059 2085 1238 2178 ὁρῶ-

446 2212 560 2260 σιν
592 2189 673 2259 τά
701 2187 1374 2280 βροτῶνούρανίδαι.

448 2294 522 2362 τὸ
550 2291 770 2382 σοφὸν
799 2289 866 2362 δ’
899 2289 982 2362 ού
1011 2299 1217 2381 σοφία
2134 2312 2238 2366 395

451 2394 528 2463 τό
554 2423 625 2464 τε
652 2394 743 2484 μὴ
771 2393 991 2483 θνητὰ
1021 2408 1328 2485 φρονεῖν.

449 2495 702 2586 βραχὺς
731 2497 933 2566 αἰών·
964 2500 1074 2566 ἐπὶ
1102 2497 1317 2590 τούτῳ

455 2601 536 2668 δέ
559 2627 656 2680 τις
685 2595 772 2669 άν
801 2599 1058 2688 μεγάλα
1089 2596 1360 2668 διώκων

450 2699 530 2770 τὰ
559 2699 828 2792 παρόντ’
863 2698 1016 2790 οὐχὶ
1046 2704 1263 2792 φέροι.

395 2816 400 2818 ’
447 2807 873 2892 μαινομένων
900 2802 968 2874 δ’
1013 2810 1155 2874 οἵδε
1182 2802 1422 2894 τρόποι
2134 2819 2237 2871 400

447 2907 562 2975 καὶ
590 2907 1028 2995 κακοβούλων
1056 2904 1205 2997 παρ’
1241 2913 1467 2995 ἔμοιγε
1500 2911 1769 2994 φωτῶν.

451 3011 716 3096 ἱκοίμαν
742 3011 894 3079 ποτὶ
921 3008 1229 3099 Κύπρον,
1990 3031 2129 3097 στρ.

447 3117 655 3181 νᾶσον
681 3118 797 3192 τᾶς
818 3108 1235 3200 Ἀφροδίτας,

450 3214 524 3281 ἐν
551 3203 594 3304 ᾇ
621 3216 1067 3304 θελξίφρονες
1093 3215 1340 3302 νέμον-

448 3342 557 3384 ται
584 3311 1259 3406 θνατοῖσιν”Ερωτες,
2132 3329 2235 3382 405

447 3416 666 3504 χθόνα
692 3414 757 3488 θ’
791 3414 876 3488 ἂν
906 3419 1334 3507 ἑκατόστομοι

842 3537 947 3592 402
969 3557 1043 3582 -τ
1061 3537 1164 3591 415
1182 3560 1268 3588 =
1286 3536 1387 3592 416
1408 3561 1481 3573 ·-
1502 3535 1607 3590 433
