2492 3900
2279 64 2288 73 ·
2301 57 2432 100 *3³4⁴‘52
2459 57 2488 96 12·

2091 99 2262 132 *dmiafg‘jffl
2327 119 2354 126 ·..
2391 99 2420 110 ‘⁵

1058 138 1368 196 EAENH
2085 129 2282 198 963’»
2313 129 2328 140 ·’

1915 212 1920 224 Ι

214 314 351 376 ΕΛ.
452 312 521 376 οἲ
544 303 701 393 ’γι-ό·
738 312 837 385 τίς
864 301 1057 392 ἡμῶν
1089 303 1341 393 ἐγένετ’
1375 302 1785 394 ἀθλιωτέρα;

444 413 513 476 oc
536 414 842 494 φίλτατοι
870 413 1185 476 λείπουσί
1210 402 1281 493 μ’
1314 403 1468 476 οὐδ’
1502 405 1818 496 ἀφίξομαι
2126 425 2224 477 595
2281 457 2284 460 -
2311 407 2314 410 ⁴

428 505 752 597 Ἕλληνας
778 506 941 577 οὐδὲ
968 513 1256 595 πατρίδα
1283 506 1408 595 τὴν
1435 509 1600 596 ἐμήν
1626 535 1802 578 ποτε.

214 619 410 680 ΑΓΓ.
442 613 783 697 Μενέλαε,
813 609 1163 697 μαστεύων
1190 630 1267 678 σε
1295 611 1588 697 κιγχάνω
1616 611 1805 697 μόλις

445 720 665 782 πᾶσαν
694 713 1063 800 πλανηθεὶς
1088 711 1292 798 τήνδε
1318 711 1663 799 βάρβαρον
1688 711 1923 799 χθόνα,

448 816 785 902 πεμφθεὶς
812 815 1098 901 ἑταίρων
1124 819 1262 880 τῶν
1289 815 1738 900 λελειμμένων
1768 809 1922 882 ὕπο.

220 925 375 984 ME.
447 923 515 984 τί
540 911 605 984 δ’
639 923 854 995 ἔστιν;
874 911 955 982 οὔ
982 940 1114 983 που
1143 914 1508 1002 βαρβάρων
1539 912 1821 982 συλᾶσθ’
1856 910 2023 995 ὕπο;
2126 931 2236 983 600·

218 1025 411 1085 ΑΓΓ.
444 1013 659 1104 θαῦμ’
694 1013 855 1102 ἔστ’,
890 1021 1171 1084 ἔλασσον
1194 1011 1470 1103 τοῦνομ’
1503 1011 1548 1101 ἢ
1577 1014 1649 1083 τὸ
1681 1011 1920 1104 πρᾶγμ’
1955 1023 2123 1101 ἔχον.

220 1128 377 1187 ΜΕ.
453 1115 619 1204 λέγ’,
651 1115 740 1197 ὥς
773 1119 1001 1206 φέρεις
1029 1144 1091 1184 τι
1121 1122 1280 1204 τῇδε
1309 1123 1388 1204 τῇ
1418 1122 1680 1205 σπουδῇ
1708 1119 1883 1184 νέον.

217 1227 411 1288 ΑΓΓ.
446 1223 615 1306 λέγω
647 1218 899 1298 πόνους
928 1241 1002 1287 σε
1028 1225 1317 1307 μυρίους
1343 1223 1580 1304 τλῆναι
1609 1217 1840 1304 μάτην.

216 1330 375 1390 ΜΕ.
446 1319 692 1390 παλαιὰ
719 1330 997 1408 θρηνεῖς
1031 1316 1277 1407 πήματ’
1300 1340 1315 1356 ·
1349 1316 1690 1406 ἀγγέλλεις
1719 1319 1794 1386 δὲ
1823 1327 1892 1386 τί
1900 1349 1916 1400 ;

216 1431 411 1492 ΑΓΓ.
443 1426 731 1510 βέβηκεν
763 1418 999 1509 ἄλοχος
1031 1420 1113 1507 σὴ
1149 1419 1316 1508 πρὸς
1351 1422 1623 1508 αἰθέρος
1655 1421 1906 1507 πτυχὰς
2125 1437 2219 1492 605

448 1521 714 1612 ἀρθεῖσ’
748 1519 1073 1611 ἄφαντος·
1106 1519 1376 1614 οὐρανῷ
1407 1523 1481 1591 δὲ
1507 1521 1868 1610 κρύπτεται

448 1623 704 1694 λιποῦσ’
739 1623 1021 1713 ἐρεμνὸν
1048 1621 1295 1713 ἄντρον
1326 1614 1411 1692 οὗ
1437 1621 1546 1712 σφ’
1580 1624 1924 1711 ἐσώζομεν,

449 1727 727 1796 τοσόνδε
755 1724 970 1808 λέξασ’
991 1749 1005 1762 ·
1039 1717 1094 1794 οἶ
1121 1733 1530 1812 ταλαίπωροι
1559 1726 1824 1815 Φρύγες

452 1829 727 1908 τάλανές
752 1825 812 1897 τ’
844 1827 1125 1914 Ἀχαιοί,
1158 1824 1251 1894 δι’
1287 1825 1391 1914 ἔμ’
1426 1830 1533 1896 ἐπὶ
1563 1833 2060 1915 Σκαμανδρίοις
2333 1901 2350 1910 ,

452 1927 755 2001 ἀκταῖσιν
772 1927 984 2019 ’Ἠρας
1007 1944 1330 2017 μηχαναῖς
1359 1928 1745 2016 ἐθνήσκετε,
2129 1944 2230 1998 610
2333 1945 2336 1948 ’
2437 1970 2450 1981 2

452 2038 812 2112 δοκοῦντες
832 2029 1102 2119 Ἑλένην
1132 2028 1258 2100 οὐκ
1301 2027 1513 2117 ἔχοντ’
1548 2031 1992 2119 ἔχεινΠάριν.

454 2131 583 2222 ἐγώ
615 2132 679 2202 δ’
713 2132 941 2221 ἐπειδὴ
968 2134 1216 2221 χρόνον
1246 2129 1454 2219 ἔμειν’
1494 2128 1657 2201 ὅσον
1684 2129 1755 2221 μ’
1791 2137 2011 2222 ἐχρῆν,

448 2234 521 2303 τὸ
554 2235 881 2323 μόρσιμον
909 2236 1211 2320 σώσασα,
1265 2233 1467 2303 πάλιν
1510 2237 1576 2312 ἐς
1606 2230 1902 2323 οὐρανὸν

451 2332 709 2424 ἄπειμι·
746 2336 968 2424 φήμας
996 2332 1061 2404 δ’
1093 2332 1135 2422 ἡ
1163 2336 1441 2405 τάλαινα
1477 2338 1811 2424 Τυνδαρὶς

452 2434 668 2517 άλλως
698 2438 903 2518 κακὰς
932 2434 1221 2525 ἤκουσεν
1251 2434 1456 2506 οὐδὲν
1485 2443 1683 2505 αἰτία.
2129 2452 2228 2504 615

453 2530 505 2606 ὦ
531 2554 752 2627 χαῖρε,
781 2540 1005 2627 Λήδας
1032 2539 1365 2627 θύγατερ,
1403 2534 1638 2605 ἐνθάδ’
1672 2528 1833 2623 ἦσθ’
1870 2535 2028 2625 &pm

454 2640 583 2726 ἐγὼ
616 2644 695 2709 δέ
711 2638 776 2709 σ’
815 2638 1079 2729 ἄστρων
1110 2638 1197 2720 ὥς
1222 2647 1597 2727 βεβηκυῖαν
1622 2637 1872 2725 μυχοὺς

450 2738 779 2828 ἤγγελλον
816 2740 1011 2822 εἰδώς
1038 2740 1242 2810 οὐδὲν
1275 2738 1362 2821 ὡς
1388 2736 1770 2827 ὑπόπτερον

452 2846 652 2930 δέμας
683 2851 980 2933 φοροίης.
1014 2841 1138 2912 οὐκ
1168 2846 1254 2912 ἐῶ
1285 2864 1360 2911 σε
1385 2858 1734 2931 κερτομεῖν

451 2942 619 3031 ἡμᾶς
646 2943 788 3014 τόδ’
823 2938 1063 3032 αὖθις,
1097 2942 1185 3025 ὦς
1214 2942 1427 3032 μάτην
1465 2946 1538 3012 ἐν
1566 2941 1741 3035 Ἰλίῳ
2132 2959 2230 3011 620

449 3046 700 3128 πόνους
727 3062 1035 3139 παρεῖχες
1061 3055 1155 3139 σῷ
1187 3046 1379 3115 πόσει
1407 3047 1520 3113 καὶ
1545 3046 1930 3133 συμμάχοις.

223 3153 379 3215 ΜΕ.
453 3144 637 3216 τοῦτ’
672 3146 809 3217 ἔστ’
845 3152 1091 3217 ἐκεῖνο·
1124 3152 1534 3236 ξυμβεβᾶσιν
1563 3152 1629 3215 οἱ
1657 3148 1845 3235 λόγοι

455 3253 526 3319 oc
550 3248 743 3337 τῆσδ’
784 3248 1081 3338 ἀληθεῖς.
1114 3242 1167 3317 523
1196 3246 1515 3328 ποθεινὸς
1543 3246 1776 3338 ἡμέρα,

454 3347 497 3436 ἥ
524 3347 585 3419 ‹5'
621 3359 715 3431 εἰς
744 3350 901 3439 ἐμὰς
930 3357 1181 3420 ἔδωκεν
1212 3348 1463 3429 ὠλένας
1498 3358 1752 3438 λαβεῖν.

226 3460 358 3520 ΕΛ.
465 3442 519 3535 ωῗ
550 3452 812 3539 φίλτατ’
850 3451 1123 3542 ἀνδρῶν
1151 3456 1544 3537 Μενέλεως,
1578 3448 1612 3519 ὁ
1643 3452 1765 3538 μὲν
1794 3450 2030 3536 χρόνος
2136 3465 2236 3517 625
