2492 3900
311 109 395 172 50

1029 110 1160 168 AN
1155 109 1266 166 ΔΡ
1277 109 1595 167 OMAXH

311 290 500 353 ΘΕΡ.
545 277 628 349 οὐ
658 285 856 366 δῆτα·
886 278 1098 365 μηδὲν
1125 274 1298 346 τοῦτ’
1331 273 1667 366 ὄνειδίσῃς
1694 283 1861 365 ἐμοί.

538 379 687 451 ἀλλ’
726 378 885 468 εἴμ’,
913 383 1067 449 ἐπεί
1090 408 1192 449 τοι
1219 375 1349 448 κού
1379 386 1816 468 περίβλεπτος
1844 388 1994 469 βίος

541 483 788 571 δούλης
817 481 1171 571 γυναικός,
1201 478 1290 569 ἥν
1316 507 1382 550 τι
1410 482 1523 550 καὶ
1550 481 1752 551 πάθω
1784 484 2015 553 κακόν.
2264 502 2343 557 90

312 598 460 660 ΑΝ.
536 585 739 675 χώρει
765 607 930 654 νυν·
959 580 1146 672 ἡμεῖς
1173 580 1269 670 δ’,
1302 577 1535 676 οἷσπερ
1565 582 1951 673 ἐγκείμεσθ’
1987 583 2094 655 ἀεὶ

313 3247 445 3312 XO.

535 688 854 779 θρήνοισι
883 688 996 755 καὶ
1022 685 1240 774 γόοισι
1279 688 1393 754 καὶ
1428 686 1831 777 δακρύμασι,

537 787 704 880 πρὸς
731 786 945 879 αἰθέρ’
978 791 1414 876 ἑκτενοῦμεν·
1448 790 1794 877 ἐμπέφυκε
1822 788 1951 881 γὰρ

539 893 807 980 γυναιξὶ
834 894 1227 981 τέρψιςτῶν
1260 891 1707 979 παρεστώτων
1735 900 1965 961 κακῶν

536 991 668 1063 άνὰ
695 990 875 1082 στόμ’
909 990 1013 1062 ἀεὶ
1042 994 1156 1062 καὶ
1191 991 1305 1062 διὰ
1331 991 1636 1082 γλώσσης
1664 1001 1861 1082 ἔχειν.
2258 1013 2335 1067 95

535 1097 813 1186 πάρεστι
843 1093 908 1165 δ’
945 1094 1068 1183 οὐχ
1097 1099 1173 1164 ἓν
1204 1092 1373 1163 ἀλλὰ
1402 1096 1614 1165 πολλά
1641 1124 1754 1185 μοι
1781 1098 2062 1183 στένειν,

535 1196 732 1267 πόλιν
762 1196 1080 1289 πατρῴαν
1107 1194 1227 1266 τὸν
1254 1196 1560 1268 θανόντα
1586 1196 1663 1267 θ’
1680 1195 1963 1287 Ἕκτορα

538 1301 820 1390 στερρόν
848 1328 920 1370 τε
947 1299 1066 1369 τὸν
1097 1298 1259 1387 ἐμὸν
1290 1297 1545 1388 δαίμον’
1582 1290 1636 1390 ᾧ
1665 1300 2041 1388 συνεζύγην

535 1402 851 1471 δούλειον
877 1393 1056 1491 ἦμαρ
1089 1398 1462 1471 εἰσπεσοῦσ’
1500 1398 1804 1485 ἀναξίως.

535 1502 660 1594 χρὴ
689 1500 754 1572 δ’
789 1500 1014 1573 οὔποτ’
1049 1509 1265 1572 εἰπεῖν
1293 1500 1510 1573 οὐδέν’
1546 1500 1778 1592 ὄλβιον
1808 1510 2095 1592 βροτῶν,
2219 1522 2333 1575 100

533 1606 695 1695 πρὶν
723 1600 810 1673 ἂν
837 1605 1169 1685 θανόντος
1197 1603 1322 1692 τὴν
1348 1612 1739 1675 τελευταίαν
1766 1611 1915 1695 ἴδῃς

533 1703 715 1788 ὅπως
742 1708 1034 1796 περάσας
1061 1703 1319 1798 ἡμέραν
1346 1704 1487 1794 ἥξει
1513 1708 1713 1777 κάτω.

527 1806 698 1903 Ἰλίῳ
727 1815 999 1901 αἰπεινᾷ
1027 1808 1247 1898 Πάρις
1278 1806 1361 1879 ού
1390 1809 1605 1898 γάμον
1635 1807 1801 1879 ἀλλά
1832 1806 1951 1879 τιν’
1984 1806 2151 1878 ἄταν

532 1910 793 2001 ἠγάγετ’
827 1909 1111 1984 εὐναίαν
1145 1918 1240 1994 εἰς
1272 1912 1624 2001 θαλάμους
1643 1908 1935 1983 Ἑλέναν.

533 2007 608 2096 ἇς
640 2013 832 2104 ἕνεκ’,
866 2010 920 2085 αἶ
957 2023 1196 2106 Τροία,
1227 2016 1381 2104 δορὶ
1425 2017 1539 2084 καὶ
1568 2018 1735 2105 πυρὶ
1763 2015 2137 2102 δηιάλωτον
2221 2035 2326 2086 105

535 2114 672 2186 εἷλέ
696 2118 760 2187 σ’
795 2115 831 2187 ὁ
859 2118 1203 2206 χιλιόναυς
1223 2114 1535 2198 Ἑλλάδος
1564 2113 1961 2206 ὥκὺς”Αρης

534 2222 646 2288 καὶ
675 2218 794 2288 τὸν
823 2219 986 2308 ἐμὸν
1013 2223 1252 2308 μελέας
1281 2215 1794 2309 πόσινἝκτορα,
1825 2218 1944 2289 τὸν
1963 2220 2321 2306 περὶτείχη

539 2327 804 2392 εἵλκυσε
833 2321 1186 2413 διφρεύων
1213 2335 1368 2401 παῖς
1398 2317 1589 2402 ἁλίας
1618 2325 1922 2402 Θέτιδος·

534 2420 706 2492 αὐτὰ
736 2422 802 2493 δ’
835 2428 908 2494 ἐκ
937 2424 1268 2512 θαλάμων
1296 2420 1557 2512 άγόμαν
1586 2427 1695 2494 ἐπὶ
1722 2434 1889 2492 θῖνα
1917 2422 2285 2508 θαλάσσας,

536 2526 962 2597 δουλοσύναν
991 2523 1326 2617 στυγερὰν
1356 2522 1830 2615 άμφιβαλοῦσα
1860 2526 2053 2614 κάρᾳ.
2216 2543 2319 2593 110

533 2627 742 2699 πολλὰ
772 2630 847 2699 δὲ
874 2629 1135 2718 δάκρυά
1160 2657 1272 2717 μοι
1302 2631 1548 2717 κατέβα
1576 2628 1802 2717 χροός,
1835 2623 2015 2696 ἁνίκ’
2049 2633 2318 2696 ἔλειπον

535 2728 701 2800 ἄστυ
729 2759 800 2800 τε
829 2733 942 2800 καὶ
968 2731 1321 2818 θαλάμους
1348 2732 1459 2799 καὶ
1487 2731 1717 2818 πόσιν,
1749 2733 1823 2800 ἐν
1854 2735 2131 2808 κονίαις.

535 2829 702 2918 ὤμοι
730 2831 859 2920 ἐγω
888 2835 1124 2921 μελέα,
1153 2841 1225 2901 τί
1244 2828 1305 2919 μ’
1340 2837 1540 2923 ἐχρῆν
1568 2840 1664 2902 ἔτι
1696 2836 1943 2920 φέγγος
1969 2827 2267 2919 ὁρᾶσθαι

509 2930 868 3021 (Ερμιόνας
901 2934 1195 3017 δούλαν;
1226 2924 1304 3014 ἇς
1334 2932 1470 3004 ὕπο
1499 2937 1849 3025 τειρομένα

535 3033 700 3122 πρὸς
728 3034 871 3105 τόδ’
904 3035 1167 3126 ἄγαλμα
1194 3042 1360 3116 θεᾶς
1394 3041 1593 3119 ἱκέτις
1622 3039 1777 3127 περὶ
1804 3052 1983 3126 χεῖρε
2011 3043 2317 3124 βαλοῦσα

536 3137 816 3226 τάκομαι
848 3135 937 3220 ὥς
963 3147 1245 3231 πετρίνα
1275 3141 1682 3210 πιδακόεσσα
1715 3139 1923 3228 λιβάς.
2218 3153 2316 3208 116

533 3229 587 3306 ὦ
615 3241 849 3328 γύναι,
896 3238 940 3310 ἃ
967 3247 1240 3322 Θέτιδος
1269 3241 1566 3313 δάπεδον
1606 3244 1718 3311 καὶ
1759 3239 2092 3330 ἀνάκτορα
2136 3239 2311 3308 θάσ-

1212 3366 1347 3423 σεις
2064 3362 2206 3431 στρ.

939 3460 1035 3516 117
1051 3488 1123 3498 -
1143 3463 1455 3518 1252126
1473 3489 1545 3498 --
1570 3463 1670 3516 134

2342 3630 2476 3836 1ss
