2492 3900
111 335 266 400 XO.

106 1962 264 2026 ΘΗ.

941 152 1351 213 ΙΚΕΤΙΔΕΣ
2016 152 2139 218 383

349 320 988 413 [ππόβοτον”Αργος,
1020 313 1075 391 ὦ
1101 319 1386 413 πάτριον
1412 322 1575 411 ἐμὸν
1594 326 1821 413 πέδον,
1880 346 2019 414 στρ.
2034 341 2138 397 365

354 426 624 497 ἐκλύετε
653 423 803 496 τάδ’
838 422 1097 495 έκλύετ’
1131 422 1413 505 ἄνακτος

353 526 506 623 ὅσια
535 529 692 617 περὶ
717 524 926 608 θεοὺς
951 528 1064 597 καὶ
1099 528 1357 619 μεγάλᾳ
1384 535 1729 620 Πελασγίᾳ

350 632 466 700 καὶ
501 626 646 700 κατ’
686 626 950 719 Ἄργος.

355 738 420 802 εἰ
444 731 572 823 γὰρ
601 734 712 803 ἐπὶ
742 734 947 821 τέρμα
981 734 1094 801 καὶ
1124 730 1194 801 τό
1227 733 1433 801 πλέον
1458 734 1642 820 ἐμῶν
1667 740 1898 802 κακῶν
1990 730 2133 803 ἀντ.

357 835 664 922 ἱκόμενος
693 842 787 904 ἔτι
814 836 1096 923 ματέρος
1123 832 1387 922 ἄγαλμα
2031 852 2136 909 370

351 936 598 1026 φόνιον
625 938 865 1023 ἐξέλοι,
894 944 1026 1024 γᾶν
1051 936 1126 1005 δὲ
1155 942 1389 1025 φίλιον
1402 934 1657 1022 Ἰνάχου

347 1035 526 1107 θεῖτ’
561 1035 823 1127 ὀνήσας.

351 1138 561 1209 καλὸν
588 1137 654 1211 δ’
689 1136 951 1229 ἄγαλμα
979 1139 1259 1209 πόλεσιν
1287 1136 1570 1227 εὐσεβὴς
1599 1139 1805 1220 πόνος
1884 1161 2025 1221 στρ.

350 1241 546 1331 χάριν
573 1239 632 1311 τ’
666 1248 799 1329 ἔχει
828 1239 952 1311 τὰν
983 1245 1048 1323 ἐς
1083 1240 1208 1311 ἀεί.

350 1350 422 1412 τί
445 1370 559 1431 μοι
588 1343 777 1425 πόλις
803 1356 1044 1432 κρανεῖ
1066 1340 1259 1427 ποτ’;
1289 1335 1421 1434 ἆρα
1448 1344 1643 1433 φίλιά
1668 1371 1779 1433 μοι
2032 1358 2133 1417 375

350 1460 566 1534 τεμεῖ,
599 1447 714 1516 καὶ
741 1448 998 1526 τέκνοις
1023 1444 1239 1534 ταφὰς
1265 1446 1698 1535 ληψόμεσθα;

351 1544 566 1635 ἄμυνε
591 1555 824 1638 ματρί,
859 1546 1083 1634 πόλις,
1124 1544 1373 1637 ἄμυνε,
1402 1548 1777 1636 Παλλάδος,
1886 1545 2029 1619 ἀντ.

351 1648 603 1738 νόμους
629 1656 892 1742 βροτῶν
918 1646 1008 1738 μὴ
1035 1656 1350 1737 μιαίνειν.

351 1750 440 1821 σύ
464 1778 568 1822 τοι
599 1756 815 1841 σέβεις
843 1757 1073 1837 δίκαν,
1105 1750 1182 1820 τὸ
1211 1749 1277 1821 δ’
1308 1744 1516 1841 ἧσσον
1544 1749 1773 1843 ἀδικίᾳ

346 1856 568 1942 νέμεις
594 1858 890 1941 δυστυχῆ
917 1850 978 1922 τ’
1011 1850 1116 1921 ἀεὶ
1147 1854 1362 1923 πάντα
1391 1854 1557 1943 ρύει.
2028 1866 2135 1924 380

348 1959 588 2045 τέχνην
615 1956 739 2044 μὲν
766 1953 871 2024 ἀεὶ
897 1951 1088 2044 τήνδ’
1122 1961 1295 2042 ἔχων
1321 1953 1675 2045 ὑπηρετεῖς

348 2059 541 2130 πόλει
566 2085 640 2126 τε
666 2055 888 2145 κάμοί,
921 2057 1269 2146 διαφέρων
1293 2059 1687 2148 κηρύγματα
1704 2077 1719 2093 ·

331 2159 576 2231 Ιέλθῶν
603 2156 670 2230 δ’
702 2155 876 2250 ύπέρ
906 2155 966 2228 τ’
993 2155 1296 2230 Ἀσωπόν
1317 2157 1623 2250 Ἰσμηνοῦ
1651 2157 1733 2228 θ’
1766 2154 1955 2250 ὕδωρ

345 2269 568 2356 σεμνῷ
596 2260 910 2353 τυράννῳ
939 2260 1146 2352 φράζε
1172 2267 1536 2351 Καδμείων
1562 2261 1721 2332 τάδε
1741 2283 1756 2298 ·

349 2363 610 2452 Θησεύς
639 2360 702 2434 σ’
735 2360 1004 2434 ἀπαιτεῖ
1026 2361 1195 2454 πρὸς
1216 2364 1416 2456 χάριν
1441 2364 1659 2447 θάψαι
1686 2362 1989 2454 νεκρούς,
2030 2378 2130 2434 385

349 2462 728 2556 συγγείτον’
767 2472 974 2536 οἰκῶν
1003 2480 1239 2554 γαῖαν,
1270 2464 1475 2546 ἀξιῶν
1504 2481 1752 2553 τυχεῖν,

349 2575 552 2658 φίλον
583 2596 654 2638 τε
679 2570 933 2638 θέσθαι
960 2563 1157 2638 πάντ’
1183 2564 1627 2657 Ἐρεχθειδῶν
1654 2567 1848 2636 λεω’ν.

347 2666 478 2741 κάν
502 2673 628 2759 μὲν
660 2673 958 2740 θέλωσιν
987 2670 1247 2738 αἰνέσαι
1268 2721 1288 2757 ,
1317 2676 1723 2749 παλίσσυτος

347 2771 550 2861 στεῖχ’
571 2796 587 2810 ·
617 2768 705 2862 ἦν
734 2768 802 2842 δ’
835 2767 1186 2859 άπιστῶσ’,
1219 2776 1361 2842 οἵδε
1392 2770 1696 2862 δεύτεροι
1726 2768 1933 2859 λόγοι,

349 2882 576 2964 κῶμον
604 2878 920 2962 δέχεσθαι
946 2872 1066 2943 τὸν
1093 2872 1257 2961 ἐμὸν
1285 2872 1771 2963 ἀσπιδηφόρον.
2028 2887 2130 2942 390

347 2974 626 3068 στρατὸς
653 2977 728 3047 δὲ
755 2977 997 3046 θάσσει
1024 2972 1439 3061 κάξετάζεται
1465 2972 1705 3066 παρῶν

347 3086 767 3170 Καλλίχορον
795 3075 968 3167 ἀμφὶ
995 3076 1246 3165 σεμνὸν
1277 3076 1599 3169 εὐτρεπὴς
1626 3073 1707 3146 ὅδ
1713 3105 1761 3146 ε.

346 3183 458 3250 καὶ
485 3181 620 3272 μὴν
652 3180 898 3252 ἑκοῦσά
923 3176 994 3269 γ’
1029 3176 1281 3270 ἀσμένη
1309 3178 1368 3250 τ’
1404 3183 1669 3264 ἐδέξατο

347 3281 538 3366 πόλις
567 3285 778 3355 πόνον
806 3279 1019 3371 τόνδ’,
1051 3277 1139 3362 ῶς
1165 3283 1460 3353 θέλοντά
1488 3279 1558 3371 μ’
1590 3278 1859 3372 ᾔσθετο.
1890 3372 1895 3378 ¹

735 3401 836 3458 365
857 3428 930 3438 --
946 3399 1054 3458 368
1077 3415 1161 3444 =
1187 3403 1293 3458 369
1312 3427 1385 3438 -·
1404 3399 1507 3456 37⁸2

739 3502 842 3562 373
859 3531 932 3540 --
951 3501 1053 3562 376
1081 3527 1168 3560 ·.=..·····..
1195 3501 1298 3562 377
1314 3529 1389 3541 -
1405 3501 1510 3558 380
