2492 3900
302 154 408 204 DE
446 151 839 203 CODICIBVS
875 151 1299 204 EVRIPIDEIS
1335 151 1428 202 ΕΤ
1461 151 1934 204 EDITIONIBVS
2008 153 2139 204 XLI

309 353 412 415 DE
456 353 842 415 CODICIBVS
884 353 1310 415 EVRIPIDEIS
1355 354 1454 415 ET
1496 353 1989 415 EDITIONIBVS.

286 469 533 531 Codices
575 469 885 548 Euripidei
927 467 1100 530 nobis
1155 471 1402 547 cogniti,
1448 488 1701 548 quorum
1746 471 1943 532 nullus
1985 471 2144 532 ultra

149 553 582 615 duodecimum
629 551 930 614 saeculum
978 553 1261 622 ascendit,
1308 572 1340 614 e
1383 552 1535 613 libro
1575 554 1871 614 fluxerunt
1914 556 2141 616 recenti

150 649 340 718 atque
393 640 654 714 graviter
708 635 1026 716 depravato
1079 644 1141 696 et
1191 636 1579 716 interpolato,
1639 639 1797 698 unde
1854 640 1911 698 in
1977 641 2145 698 vitiis

153 721 434 801 plurimis
498 737 704 781 omnes
768 721 1175 783 consentiunt:
1249 721 1355 781 sed
1424 720 1797 797 aliquatenus
1864 725 2023 782 inter
2074 741 2147 780 se

153 807 474 873 differunt,
529 807 610 864 ita
654 805 892 882 quidem
954 813 1022 864 ut
1063 803 1415 865 melioribus
1470 803 1747 867 subsidiis
1801 812 2036 865 utamur
2079 807 2143 864 in

154 891 284 950 Alc.
329 888 512 950 Andr.
558 887 701 948 Hec.
748 888 926 966 Hipp.
971 887 1124 947 Med.
1173 887 1272 951 Or.
1317 888 1494 948 Rhes,
1542 890 1681 950 Tro.
1728 888 1981 958 Phoen.,
2042 907 2139 948 ce-

156 975 310 1033 teris
363 972 572 1032 decem
637 974 699 1032 in
754 970 972 1032 fabulis
1029 989 1147 1030 non
1204 970 1527 1033 babeamus
1580 973 1694 1033 nisi
1756 972 2145 1052 paucissimos

155 1051 356 1117 liBros
401 1073 622 1134 eosque
667 1055 984 1116 deterioris
1027 1063 1221 1116 notae.
1309 1074 1461 1135 quae
1505 1054 1709 1115 decem
1754 1055 1987 1116 fabulae
2028 1057 2144 1116 ini·

157 1143 436 1220 quiorem
508 1146 730 1199 sortem
801 1147 1080 1218 expertae
1135 1139 1289 1217 quod
1349 1140 1589 1200 omnino
1641 1147 2015 1207 manserunt,
2075 1157 2142 1198 ea

159 1223 479 1301 singularis
534 1230 628 1283 est
691 1220 980 1289 felicitas,
1041 1221 1522 1301 quandoquidem
1590 1230 1889 1284 coarctato
1958 1225 2151 1300 magis

157 1310 474 1385 magisque
527 1305 862 1368 studiorum
919 1304 1064 1365 orbe
1107 1313 1231 1366 tres
1284 1314 1513 1367 tantum
1557 1306 1857 1387 Euripidis
1912 1314 2142 1384 tragoe-

160 1391 294 1451 dias
337 1390 606 1467 cognitas
646 1389 856 1451 habuit
899 1391 1218 1468 Byzantina
1264 1390 1601 1464 barbaries,
1646 1388 1949 1452 Hecubam
1996 1389 2146 1450 Ore-

161 1484 316 1536 stem
362 1473 739 1534 Phoenissas.
829 1473 984 1534 hanc
1027 1472 1322 1552 trilogiam
1370 1474 1674 1552 Byzantini
1726 1469 1997 1534 homines
2041 1475 2144 1534 ad·

160 1560 371 1619 mirati
415 1565 584 1636 sunt,
640 1557 783 1618 hinc
830 1556 1066 1617 dicendi
1121 1558 1281 1633 leges
1325 1559 1757 1636 repetiverunt,
1806 1559 2013 1618 barum
2060 1557 2146 1618 fa·

162 1641 442 1703 bularum
488 1641 748 1702 flosculis
791 1643 1116 1702 orationem
1160 1641 1576 1708 distinxerunt.
1620 1642 1729 1703 has
1772 1643 2145 1720 interpretati

164 1735 309 1786 sunt
339 1734 401 1786 et
441 1727 599 1786 sicut
638 1731 916 1804 poterant
956 1725 1363 1794 emendarunt,
1412 1725 1589 1786 modo
1634 1726 1950 1786 emendare
1980 1733 2151 1786 recte

163 1808 400 1870 dicatur
443 1811 548 1887 qui
592 1826 712 1869 non
757 1810 1084 1869 restituerit
1125 1811 1433 1888 scriptoris
1474 1827 1711 1870 manum
1757 1809 1860 1871 sed
1907 1809 2147 1870 oblitte-

163 1894 334 1954 rarit.
426 1892 690 1953 eiusdem
763 1890 1035 1971 trilogiae
1105 1909 1267 1953 nunc
1339 1900 1663 1971 supersunt
1736 1893 2007 1971 exempla
2082 1898 2147 1953 ut

166 1976 427 2056 plurima
473 1980 555 2038 ita
601 1978 859 2056 pessima
905 1984 964 2037 et
1007 1977 1288 2055 prudenti
1332 1975 1542 2038 critico
1586 1974 2005 2036 abominanda:
2054 1978 2151 2035 in·

163 2072 261 2122 ter
293 2077 501 2121 omnes
547 2061 705 2121 enim
735 2059 970 2121 codices
999 2066 1289 2139 quotquot
1318 2059 1526 2119 harum
1558 2059 1891 2120 fabularum
1939 2059 2153 2120 orbem

166 2163 292 2204 non
353 2143 678 2214 excedunt,
736 2144 832 2204 vix
889 2146 1004 2204 erit
1057 2146 1154 2205 cui
1211 2144 1665 2223 Byzantinorum
1728 2146 2153 2217 magistrorum

165 2229 473 2289 temeritas
519 2232 578 2287 et
628 2226 869 2289 licentia
926 2229 1285 2305 pepercerit.
1373 2228 1637 2305 singulos
1693 2228 1991 2307 Euripidis
2048 2246 2153 2288 co·

169 2312 339 2372 dices
393 2312 826 2389 circumspecto
882 2311 1098 2371 iudicio
1153 2310 1224 2371 ad
1281 2309 1495 2371 classes
1550 2330 1688 2373 suas
1742 2313 2041 2373 revocavit
2081 2315 2147 2371 A.

168 2394 572 2457 Kirchhoffius
613 2397 674 2454 in
719 2397 945 2455 maiore
975 2394 1278 2473 Euripidis
1322 2395 1599 2466 editione,
1647 2412 1765 2473 quo
1812 2394 1961 2456 duce
2006 2394 2151 2456 sub·

167 2480 324 2541 sidia
366 2483 569 2538 nostra
614 2482 821 2556 paucis
863 2478 1270 2539 indicabimus,

299 2562 579 2623 Meliores
621 2560 775 2632 libri,
808 2564 911 2641 qui
954 2580 1162 2624 novem
1195 2561 1632 2639 tragoediarum
1664 2561 1806 2622 orbe
1838 2564 2154 2622 continen-

167 2655 291 2717 tur,
336 2645 398 2705 hi
439 2652 594 2705 sunt.

299 2730 344 2789 A
391 2728 578 2790 codex
629 2728 962 2791 Marcianus
1013 2733 1138 2791 471
1199 2726 1691 2790 membranaceus
1748 2728 1967 2788 saeculi
2023 2726 2154 2796 XII,

169 2814 556 2891 superstitum
600 2811 891 2875 librorum
935 2814 1500 2894 praestantissimus,
1549 2814 1815 2872 continet
1856 2812 1999 2872 Hec.
2045 2812 2152 2873 Or.

168 2897 394 2957 Phoen.
440 2897 620 2957 Andr.
665 2896 962 2977 Hippolyti
1015 2900 1331 2959 1-1234
1376 2914 1511 2958 cum
1555 2894 1793 2957 scholiis
1850 2898 2157 2975 margina-

169 2979 330 3041 libus
373 2986 436 3041 et
478 2980 694 3057 glossis
738 2978 1241 3042 interlinearibus.

296 3064 344 3124 B
391 3064 580 3124 codex
623 3064 937 3126 Vaticanus
996 3068 1118 3126 909
1175 3062 1564 3141 bombycinus
1620 3061 1841 3125 saeculi
1896 3061 2002 3122 XII
2060 3060 2152 3122 vel

166 3146 333 3217 XIII,
395 3148 658 3208 continet
709 3147 852 3210 Hec.
911 3148 1012 3208 Or.
1075 3147 1300 3208 Phoen.
1359 3146 1509 3207 Med.
1571 3146 1747 3225 Hipp.
1794 3146 1919 3206 Alc.
1963 3146 2150 3207 Andr.

171 3232 313 3292 Tro.
361 3231 626 3292 Rhesum
683 3250 820 3292 cum
875 3231 1116 3291 scholiis
1172 3240 1232 3291 et
1290 3230 1517 3309 glossis,
1605 3230 1787 3290 Rhesi
1843 3248 1982 3307 pars
2042 3248 2154 3288 ex-

171 3324 360 3377 trema
407 3314 552 3393 (899
583 3315 732 3394 sqq.)
779 3318 840 3375 in
886 3316 1000 3376 boc
1043 3313 1196 3375 libro
1241 3332 1403 3375 nunc
1448 3314 1838 3383 desideratur,
1889 3312 2152 3373 nondum

165 3399 376 3543 geprat
419 3408 840 3543 ᾳιιεὲέειηροτε
885 3399 1289 3479 apographum
1322 3396 1462 3459 libri
1506 3398 1721 3459 factum
1756 3407 1862 3466 est,
1910 3394 1985 3456 ΒΨ·
2030 3397 2156 3455 sive

214 3502 246 3546 a
271 3484 470 3543 atinus
602 3527 617 3542 .
