2492 3900
290 131 377 195 89.

1006 128 1566 189 ΑΝΔΡΟΜΑΧΗ

522 310 613 395 τῷ
645 303 720 371 δὲ
753 299 1036 388 ξιφήρης
1064 288 1163 385 ἆρ’
1196 293 1594 384 ὑφειστήκει
1622 294 1814 382 λόχος

526 403 752 493 δάφνῃ
781 406 1158 479 σκιασθείς·
1192 388 1291 467 ὦν
1318 398 1918 487 Κλυταιμνήστρας
1942 390 2135 481 τόκος
2178 419 2320 471 1115

534 502 628 584 εἷς
656 496 742 593 ἦν
772 500 1087 574 ἁπάντων
1115 505 1334 570 τῶνδε
1360 498 1899 589 μηχανορράφος.

521 605 623 695 χοῖ
647 608 774 695 μὲν
798 600 936 675 κατ’
968 602 1145 692 ὄμμα
1173 600 1332 685 στὰς
1360 601 1801 691 προσεύχεται
1826 609 1970 695 θεῷ
1987 625 2003 639 ·

525 700 589 777 οἳ
620 705 685 779 δ’
721 706 1120 795 ὀξυθήκτοις
1151 704 1524 792 φασγάνοις
1555 699 1965 791 ὡπλισμένοι

527 805 835 879 κεντοῦσ’
870 804 1115 894 ἀτευχῆ
1143 803 1331 876 παῖδ’
1359 803 1705 893 Ἀχιλλέως
1732 806 1978 897 λάθρᾳ.

525 927 734 1001 χωρεῖ
756 909 831 979 δὲ
859 910 1177 998 πρύμναν
1195 930 1210 944 ·
1252 904 1335 977 ού
1350 906 1481 998 γὰρ
1498 914 1593 989 εἰς
1607 905 1849 997 καιρὸν
1864 909 2096 989 τυπεὶς
2177 924 2320 977 1120

528 1008 852 1101 ἐτύγχαν’,
881 1014 1128 1093 ἐξέλκει
1156 1008 1233 1080 δὲ
1261 1012 1375 1079 καὶ
1405 1009 1827 1098 παραστάδος

532 1112 870 1204 κρεμαστὰ
897 1111 1100 1201 τεύχη
1129 1112 1491 1181 πασσάλων
1520 1112 1963 1199 καθαρπάσας

533 1226 686 1305 ἔστη
721 1214 823 1286 ’πὶ
852 1221 1086 1304 βωμοῦ
1112 1211 1359 1302 γοργὸς
1386 1210 1661 1301 ὁπλίτης
1691 1218 1885 1299 ι’δεῖν,

529 1327 659 1409 βοᾷ
687 1318 763 1387 δὲ
792 1323 1090 1406 Δελφῶν
1122 1319 1366 1395 παῖδας
1398 1321 1685 1405 ἱστορῶν
1710 1314 1902 1383 τάδε·

529 1427 710 1499 τίνος
741 1416 800 1507 μ’
842 1422 1027 1487 ἕκατι
1053 1414 1326 1487 κτείνετ’
1362 1414 1661 1506 εὐσεβεῖς
1688 1413 1892 1497 ὁδοὺς
2179 1432 2317 1485 1125

531 1520 818 1609 ἥκοντας
848 1526 1040 1599 ποίας
1067 1516 1354 1607 ὄλλυμαι
1381 1518 1547 1609 πρὸς
1574 1524 1825 1601 αἰτίας;

531 1630 668 1693 τῶν
696 1619 761 1691 δ’
795 1618 1002 1690 οὐδὲν
1027 1617 1256 1701 οὐδεὶς
1282 1628 1549 1710 μυρίων
1577 1617 1796 1691 ὅντων
1824 1621 2026 1699 πέλας

536 1720 910 1813 ἐφθέγξατ’,
939 1719 1076 1791 ἀλλ’
1113 1730 1399 1811 ἔβαλλον
1430 1727 1504 1792 ἐκ
1531 1729 1779 1813 χειρῶν
1805 1722 2091 1810 πέτροις.
2158 1724 2170 1735 '

536 1833 760 1915 πυκνῇ
790 1826 866 1894 δὲ
892 1823 1132 1912 νιφάδι
1162 1824 1506 1894 πάντοθεν
1534 1823 1991 1912 σποδούμενος

535 1927 894 2019 προύτεινε
920 1926 1120 2016 τεύχη
1147 1919 1590 2016 κάφυλάσσετ’
1621 1924 1906 2016 ἐμβολὰς
2180 1941 2319 1996 1130

536 2035 750 2100 ἐκεῖσε
779 2027 1037 2099 κάκεῖσ’
1070 2027 1293 2099 ἀσπίδ’
1326 2034 1644 2099 ἐκτείνων
1670 2036 1838 2119 χερί.

537 2129 674 2201 ἀλλ’
709 2129 914 2202 οὐδὲν
942 2123 1139 2220 ἦνεν·
1185 2128 1355 2201 ἀλλὰ
1382 2127 1565 2201 πόλλ’
1600 2127 1772 2219 ὁμοῦ
1800 2132 1984 2219 βέλη,

536 2235 748 2304 οἰστοὶ
773 2229 1131 2321 μεσάγκυλ’
1166 2239 1439 2302 ἔκλυτοί
1458 2231 1506 2301 τ’
1540 2231 1955 2322 ἆμφώβολοι,

534 2341 795 2422 σφαγῆς
825 2334 1124 2423 ἐχώρουν
1151 2335 1481 2424 βουπόροι
1508 2341 1737 2404 ποδῶν
1764 2335 2007 2424 πάρος·

537 2433 764 2516 δεινὰς
799 2433 865 2506 δ’
899 2431 983 2505 ἂν
1013 2434 1185 2516 εἶδες
1211 2444 1543 2527 πυρρίχας
1570 2437 2094 2528 φρουρουμένου
2179 2451 2316 2504 1135

535 2540 824 2626 βέλεμνα
852 2537 1108 2619 παιδός.
1163 2534 1254 2619 ὥς
1280 2541 1363 2608 δέ
1384 2567 1499 2608 νιν
1526 2537 1931 2628 περισταδὸν

536 2641 765 2734 κύκλῳ
792 2655 1099 2728 κατεῖχον
1129 2637 1212 2709 οὐ
1241 2641 1544 2722 διδόντες
1572 2637 1895 2729 ἄμπνοάς,

535 2749 768 2830 βωμοῦ
795 2742 1092 2821 κενώσας
1120 2745 1476 2831 δεξίμηλον
1504 2743 1813 2832 ἐσχάραν,

535 2842 610 2911 τὸ
647 2842 952 2932 Τρωικὸν
978 2842 1249 2933 πήδημα
1278 2843 1580 2933 πηδήσας
1611 2850 1853 2915 ποδοῖν

536 2959 745 3034 χωρεῖ
766 2943 932 3035 πρὸς
960 2941 1239 3026 αύτούς·
1272 2942 1341 3016 οἳ
1371 2943 1436 3016 δ’
1470 2943 1652 3028 ὅπως
1679 2942 2026 3024 πελειάδες
2184 2961 2322 3013 1140

542 3043 742 3136 ἱέρακ’
776 3051 1041 3116 ἰδοῦσαι
1066 3045 1235 3137 πρὸς
1264 3046 1494 3137 φυγὴν
1522 3048 1867 3120 ἐνώτισαν.

539 3149 775 3218 πολλοὶ
801 3146 864 3218 δ’
899 3156 1177 3220 ἔπιπτον
1211 3150 1489 3239 μιγάδες
1517 3157 1591 3220 ἔκ
1618 3178 1690 3220 τε
1717 3149 2122 3242 τραυμάτων

543 3247 745 3319 αὐτοί
766 3248 830 3320 θ’
847 3251 971 3340 ὑφ’
1006 3252 1233 3322 αὐτῶν
1261 3253 1713 3343 στενοπόρους
1740 3249 1877 3339 κατ’
1910 3251 2203 3336 ἐξόδους,

541 3350 806 3442 κραυγὴ
830 3351 897 3421 δ’
932 3356 1006 3421 ἐν
1034 3350 1393 3444 εύφήμοισι
1421 3355 1775 3444 δύσφημος
1801 3355 2033 3443 δόμοις

545 3458 892 3544 πέτραισιν
919 3451 1297 3546 ἆντέκλαγξ’
1316 3480 1331 3495 ·
1364 3462 1439 3527 ἐν
1468 3453 1666 3549 εὐδίᾳ
1698 3461 1780 3526 δέ
1802 3485 1943 3538 πως
2188 3469 2322 3522 1145
