2492 3900
325 108 454 173 404

331 794 474 856 XO.

331 1096 452 1156 ΙΦ.

305 2283 314 2292 ,
342 2208 472 2268 Er.

341 2511 456 2572 ΙΦ.

338 2713 399 2772 Ε
407 2713 474 2771 Τ.

337 2915 456 2975 ΙΦ.

334 3017 398 3076 Ε
405 3018 473 3075 Υ.

338 3118 457 3178 ΙΦ.

335 3219 398 3275 Ε
403 3220 473 3275 Y.

335 3314 456 3373 ΙΦ.

340 3411 472 3468 ΕΤ.

1126 108 1541 167 ῙΚΕΊἸΔΕΣ

555 286 838 347 δικαίων
867 274 1209 364 ὑμεναίων
1239 278 1314 345 έν
1340 270 1573 361 Ἀργει

557 382 864 466 φανῶσιν
898 378 1225 447 τέκνοισιν
1263 377 1473 460 ἐμοῖς,

559 477 648 559 ῶς
685 476 780 547 ὅδ’
818 476 1088 555 εὐναῖος
1121 475 1412 562 γαμέτας

559 580 960 668 συντηχθεὶς
987 575 1227 666 αὔραις
1259 573 1527 657 ἀδόλοις

557 689 868 769 γενναίας
891 685 1108 766 ψυχᾶς
1134 675 1373 769 ἀλόχῳ.
2214 696 2333 751 1030

562 786 671 853 καὶ
699 781 835 871 μὴν
859 777 966 851 ὅδ’
999 776 1202 859 αὐτὸς
1228 778 1344 860 σὸς
1372 776 1588 866 πατὴρ
1615 784 1839 865 βαίνει
1868 782 2097 867 πέλας,

563 882 828 973 γεραιὸς
845 873 1009 970 Ἶφις
1037 888 1130 961 είς
1157 882 1527 967 νεωτέρους
1556 880 1819 966 λόγους,

561 982 679 1067 οὓς
707 982 793 1055 οὐ
819 981 1141 1062 κατειδῶς
1169 982 1475 1072 πρόσθεν
1503 977 1779 1068 ἀλγήσει
1810 986 2061 1051 κλύων.

560 1079 615 1155 ῶ
643 1086 1084 1170 δυστάλαινα,
1113 1082 1447 1162 δυστάλας
1474 1078 1540 1151 δ’
1574 1080 1705 1168 gy&
1733 1085 1974 1169 γέρων,

561 1185 702 1275 ἥκω
730 1192 1019 1257 διπλοῦν
1045 1183 1338 1271 πένθημ’
1377 1181 1767 1268 ὁμαιμόνων
1796 1188 2000 1266 ἔχων,
2216 1201 2338 1255 1035
2430 1246 2432 1249 ⁴

563 1288 680 1357 τὸν
708 1290 832 1375 μὲν
862 1286 1163 1357 θανόντα
1195 1291 1403 1356 παῖδα
1433 1290 1796 1372 Καδμείων
1821 1286 1975 1371 δορὶ

560 1388 898 1458 Ἐτέοκλον
931 1396 1024 1469 εἰς
1048 1394 1177 1476 γῆν
1203 1394 1492 1476 πατρίδα
1518 1386 1987 1455 ναυσθλώσων
2014 1388 2286 1476 νεκρόν,

565 1496 777 1577 ζητῶν
793 1485 865 1554 δ’
895 1487 1064 1576 ἐμὴν
1090 1486 1304 1575 παῖδ’,
1334 1484 1379 1574 ἢ
1405 1486 1635 1575 δόμων
1662 1487 1937 1569 ἐξώπιος

567 1594 812 1680 βέβηκε
839 1589 1192 1678 πηδήσασα
1221 1591 1594 1669 Καπανέως
1622 1584 1865 1685 δάμαρ,

565 1704 808 1762 θανεῖν
835 1694 1052 1781 ἐρῶσα
1078 1690 1210 1761 σὺν
1237 1691 1451 1761 πόσει.
1518 1691 1766 1779 χρόνον
1795 1689 1921 1779 μὲν
1949 1682 2078 1759 οὖν
2218 1707 2341 1761 104⁰
2437 1686 2438 1691 ἵ

567 1792 685 1863 τὸν
715 1790 963 1882 πρόσθ’
999 1790 1380 1883 ἐφρουρεῖτ’
1411 1796 1486 1862 ἐν
1512 1792 1774 1881 δόμοις·
1805 1792 1950 1862 ἐπεὶ
1976 1788 2044 1860 δ’
2079 1790 2216 1882 ἐγώ

569 1894 876 1984 φυλακὰς
902 1892 1116 1981 ἀνῆκα
1143 1909 1280 1976 τοῖς
1309 1902 1730 1984 παρεστῶσιν
1753 1908 2013 1982 κακοῖς,-

567 2001 875 2086 βέβηκεν.
940 1993 1107 2066 ἀλλὰ
1133 2000 1299 2087 τῇδέ
1324 2025 1435 2065 νιν
1464 1998 1820 2083 δοξάζομεν

569 2096 832 2186 μάλιστ’
866 2093 951 2168 ἂν
981 2097 1184 2168 εἶναι·
1215 2096 1484 2188 φράζετ’
1520 2107 1584 2168 εἰ
1608 2103 1977 2168 κατοίδατε.

566 2207 637 2268 τί
655 2197 843 2269 τάσδ’
879 2203 1163 2290 &pan-9793
1193 2197 1307 2288 ἥδ’
1343 2199 1473 2287 ἐγώ
1502 2203 1747 2291 πέτρας
1776 2207 1883 2270 ἔπι
1922 2241 1927 2246 ·
2216 2215 2340 2271 1045

571 2296 756 2389 ὅρνις
781 2328 880 2380 τις
907 2297 1067 2369 ῶσεὶ
1092 2303 1462 2382 Καπανέως
1490 2299 1661 2391 ὑπὲρ
1690 2307 1907 2390 πυρᾶς

569 2401 906 2490 δύστηνον
932 2402 1236 2491 αἰώρημα
1265 2410 1596 2491 κουφίζω,
1624 2403 1851 2491 πάτερ.

565 2507 832 2591 τέκνον,
867 2510 968 2584 τίς
993 2500 1206 2594 αὔρας
1237 2512 1336 2584 τίς
1363 2504 1630 2587 στόλος;
1658 2511 1840 2585 τίνος
1868 2505 2063 2594 χάριν

568 2606 797 2693 δόμων
826 2602 1156 2694 ὑπερβᾶσ’
1187 2596 1397 2693 ἦλθες
1428 2612 1522 2687 εἰς
1546 2606 1749 2694 τήνδε
1774 2604 2023 2692 χθόνια

566 2703 780 2794 ὀργὴν
807 2707 1033 2793 λάβοις
1061 2703 1146 2776 ἂν
1173 2714 1309 2777 τῶν
1338 2711 1518 2794 ἐμῶν
1544 2706 2027 2795 βουλευμάτων
2215 2721 2347 2775 1050

572 2808 799 2875 κλύων
819 2829 833 2843 ·
867 2805 1151 2877 ἀκοῦσαι
1179 2805 1247 2878 δ’
1282 2805 1366 2878 οὔ
1392 2829 1469 2878 σε
1495 2807 1853 2898 βούλομαι,
1883 2809 2109 2895 πάτερ.

564 2913 636 2974 τί
657 2905 723 2975 δ’
748 2938 765 2990 3
796 2904 878 2975 οὐ
909 2913 1177 2978 δίκαιον
1203 2914 1453 2998 πατέρα
1478 2909 1601 2980 τὸν
1626 2908 1751 2980 σὸν
1778 2911 2062 2991 εἰδέναι;

567 3008 794 3099 κριτὴς
824 3004 910 3078 ἂν
939 3019 1076 3098 εἴης
1103 3009 1189 3081 οὐ
1217 3011 1427 3100 σοφὸς
1453 3011 1720 3100 γνώμης
1747 3015 1921 3099 ἐμῆς.

566 3119 776 3202 σκευῇ
803 3113 881 3182 δὲ
908 3118 1069 3202 τῇδε
1100 3121 1225 3183 τοῦ
1255 3113 1453 3204 χάριν
1478 3128 1745 3200 κοσμεῖς
1772 3115 2007 3201 δέμας;

561 3214 751 3280 θέλει
777 3241 840 3279 τι
870 3214 1109 3281 καινὸν
1139 3204 1334 3293 οὗτος
1369 3210 1406 3282 ὁ
1436 3214 1745 3301 στολμός,
1780 3215 2003 3302 πάτερ.
2215 3229 2345 3282 1055

566 3305 654 3385 ῶς
683 3308 808 3377 οὐκ
841 3308 933 3378 ἐπ’
967 3308 1168 3397 ἀνδρὶ
1195 3317 1523 3399 πένθιμος
1548 3315 1825 3403 πρέπεις
1850 3309 2038 3400 ὁρᾶν.

567 3412 662 3484 εἰς
688 3408 816 3495 γάρ
846 3435 909 3475 τι
939 3415 1211 3495 πρᾶγμα
1236 3411 1524 3498 νεοχμὸν
1555 3413 2038 3498 ἐσκευάσμεθα.
