2492 3900
258 84 385 148 234

1104 84 1414 144 ΕΛΕΝΗ

490 253 679 323 ἄλλοι
709 253 785 322 δὲ
812 258 1076 339 τοίχους
1104 250 1365 333 δεξιοὺς
1396 251 1628 332 λαιούς
1654 249 1712 320 τ’
1747 263 1879 322 ἴσοι

490 353 661 445 ἀνὴρ
692 351 849 443 παρ’
893 350 1093 443 ἄνδρ’
1128 350 1350 437 ἕζονθ’
1387 350 1519 441 ὑφ’
1561 359 1780 442 εἵμασι
1809 358 1972 445 ξίφη

494 455 768 546 λαθραῖ’
807 464 1067 544 ἔχοντες
1081 495 1113 543 ,-
1130 455 1336 546 ῥόθιά
1362 454 1427 525 τ’
1461 459 1900 544 ἐξεπίμπλατο
2149 475 2300 531 1575

493 567 691 649 βοῆς,
721 565 1087 629 κελευστοῦ
1116 555 1473 647 φθέγμαθ’
1507 555 1597 638 ὥς
1632 556 2038 648 ἠκούσαμεν.

488 665 635 733 ἐπεὶ
665 663 740 731 δὲ
768 669 959 749 γαίας
988 652 1157 748 ἦμεν
1186 657 1332 731 οὔτ’
1368 657 1541 748 ἅγαν
1571 661 1797 750 πρόσω

490 761 636 833 οὔτ’
672 763 901 852 ἐγγύς,
934 758 1148 842 οὕτως
1176 758 1359 851 ἤρετ’
1401 763 1652 831 οἰάκων
1682 763 1933 851 φύλαξ·

494 863 604 955 ἔτ’,
626 857 679 934 οἷ
705 863 870 953 ξέν’,
900 870 993 944 εἰς
1020 861 1096 932 τὸ
1125 859 1459 954 πρόσθεν,
1488 860 1532 952 ἦ
1560 871 1776 944 καλῶς
1803 871 1958 952 ἔχει,

495 966 927 1054 πλεύσωμεν;
952 964 1161 1055 ’ἀρχαὶ
1187 964 1317 1055 γὰρ
1348 965 1518 1046 νεώς
1543 969 1828 1054 μέλουσί
1849 989 1975 1035 σοι.
2149 985 2298 1038 1580

489 1068 525 1139 ὃ
564 1067 632 1138 δ’
668 1067 829 1157 εἶφ’·
866 1066 1009 1149 ἅλις
1038 1095 1171 1156 μοι.
1203 1070 1391 1158 δεξιᾷ
1423 1065 1488 1136 δ’
1521 1067 1694 1138 ἔλων
1721 1071 1911 1156 ξίφος
2245 1083 2250 1088 ’

492 1178 586 1252 εἰς
616 1179 893 1264 πρῷραν
924 1165 1111 1260 εἷρπε
1138 1167 1303 1238 κάπὶ
1327 1177 1618 1261 ταυρείῳ
1646 1177 1874 1259 σφαγῇ

498 1276 769 1353 σταθεὶς
796 1279 1061 1362 νεκρῶν
1088 1272 1211 1359 μὲν
1240 1269 1524 1352 οὐδενὸς
1551 1270 1820 1360 μνήμην
1849 1279 2039 1360 ἔχων,

497 1378 759 1462 τέμνων
786 1375 863 1443 δὲ
889 1372 1131 1461 λαιμὸν
1150 1369 1390 1460 ηὔχετ’·
1423 1364 1477 1442 οἷ
1503 1381 1718 1442 ναίων
1746 1369 1873 1441 ἅλα

496 1476 726 1545 πόντιε
751 1475 1087 1544 Πόσειδον
1113 1477 1399 1563 Νηρέως
1424 1471 1503 1544 θ’
1537 1471 1736 1563 ἁγναὶ
1762 1474 1977 1565 κόραι,
2145 1492 2290 1546 1585

498 1576 759 1646 σώσατέ
780 1573 852 1665 μ’
888 1573 993 1645 ἐπ’
1029 1573 1231 1656 ἀκτὰς
1260 1584 1621 1657 Ναυπλίας
1651 1577 1952 1666 δάμαρτά
1980 1605 2051 1646 τε

500 1676 754 1747 ἄσυλον
782 1681 855 1747 ἐκ
882 1685 1023 1765 γῆς.
1061 1683 1335 1766 αἵματος
1363 1676 1427 1747 δ’
1461 1675 1791 1767 ἀπορροαὶ

500 1784 566 1860 ἐς
595 1776 773 1868 οἶδμ’
811 1779 1233 1868 ἐσηκόντιζον
1263 1777 1488 1870 οὔριαι
1515 1783 1703 1872 ξένω.

498 1889 619 1952 καί
644 1911 745 1965 τις
771 1879 913 1953 τόδ’
949 1880 1122 1952 εἷπε·
1156 1881 1379 1962 δόλιος
1404 1878 1446 1969 ἡ
1473 1889 1870 1971 ναυκληρία,

502 1986 706 2054 πάλιν
736 1988 1045 2073 πλέωμεν
1076 1984 1342 2054 άκτίαν·
1401 1987 1637 2053 κέλευε
1664 1985 1772 2072 σύ,
2149 2002 2292 2057 1590

376 2169 378 2171 q
498 2086 584 2155 σύ
616 2087 691 2155 δὲ
718 2084 955 2175 στρέφ’
986 2083 1175 2175 οἴακ’.
1205 2090 1280 2156 ἐκ
1311 2086 1386 2155 δὲ
1413 2093 1732 2176 ταυρείου
1762 2087 1980 2174 φόνου

494 2184 771 2278 Ἀτρέως
799 2189 1069 2267 σταθεὶς
1098 2204 1254 2269 παῖς
1281 2188 1607 2277 ἀνεβόησε
1634 2188 2030 2277 συμμάχοις·

500 2296 571 2357 τί
598 2284 885 2375 μέλλετ’,
918 2279 971 2356 03
999 2296 1120 2376 γῆς
1144 2286 1450 2371 Ἑλλάδος
1479 2297 1875 2379 λωτίσματα,

501 2390 776 2479 σφάζειν
807 2390 1129 2485 φονεύειν
1156 2392 1542 2481 βαρβάρους
1567 2392 1738 2474 νεώς
1764 2390 1824 2462 τ’
1863 2391 1990 2462 άπο

506 2497 767 2581 ῥίπτειν
796 2495 863 2571 ἐς
892 2491 1126 2581 οἷδμα;
1155 2494 1520 2581 ναυβάταις
1553 2495 1630 2563 δὲ
1657 2510 1828 2564 τοῖσι
1857 2510 1998 2574 σοῖς
2149 2508 2289 2563 1595

502 2602 632 2686 βοᾷ
659 2594 1018 2682 κελευστὴς
1046 2592 1169 2683 τὴν
1196 2599 1510 2665 ἐναντίαν
1541 2591 1673 2665 ὅπα
1691 2619 1704 2634 ·

505 2693 633 2764 οὐκ
666 2694 747 2765 εἶ’
777 2690 815 2761 ὃ
849 2698 971 2781 μέν
999 2724 1097 2775 τις
1126 2705 1408 2766 λοῖσθον
1438 2694 1694 2784 ἀρεῖται
1722 2698 1913 2788 δόρυ,

500 2791 540 2861 ὃ
579 2796 654 2864 δὲ
683 2794 826 2883 ζύγ’
862 2792 1051 2883 ἄξας,
1092 2796 1131 2865 ὃ
1158 2795 1224 2865 δ’
1258 2796 1532 2886 ἀφελών
1560 2808 1861 2887 σκαλμοῦ
1892 2799 2170 2888 πλάτην,

504 2894 1005 2985 καθαιματώσει
1033 2906 1243 2989 κρᾶτα
1271 2907 1608 2988 πολεμίων
1635 2904 1878 2983 ξένων;

510 2995 711 3085 ὀρθοὶ
740 2996 805 3066 δ’
839 2994 1091 3088 ἀνῇξαν
1118 3000 1395 3089 πάντες,
1424 3008 1494 3070 οἳ
1516 3003 1640 3089 μὲν
1668 3006 1743 3072 ἐν
1768 3018 1996 3093 χεροῖν
2156 3018 2296 3070 1600

507 3098 801 3187 κορμοὺς
830 3107 1088 3187 ἔχοντες
1115 3102 1508 3191 ναυτικούς,
1540 3114 1612 3175 οἳ
1636 3106 1712 3175 δὲ
1739 3110 1898 3195 ξίφη
1918 3128 1933 3143 ·

510 3200 701 3287 φόνῳ
729 3202 805 3271 δὲ
833 3210 1002 3284 ναῦς
1029 3208 1306 3295 ἐρρεῖτο.
1337 3208 1851 3297 παρακέλευσμα
1878 3206 1942 3276 δ’
1976 3198 2066 3295 ἦν

508 3303 911 3393 πρύμνηθεν
935 3302 1199 3395 Ἑλένης
1216 3330 1229 3345 ·
1260 3315 1394 3377 ποῦ
1421 3306 1495 3377 τὸ
1532 3309 1838 3400 Τρωικὸν
1861 3315 2088 3390 acl-&¹093

512 3408 773 3489 δείξατε
801 3406 967 3494 πρὸς
996 3404 1246 3500 ἄνδρας
1275 3412 1677 3498 βαρβάρους.
1726 3418 2022 3500 σπουδῆς
2054 3406 2122 3478 δ’
2156 3406 2294 3479 ῧπο
