2492 3900
279 120 361 183 84

276 874 420 935 XO.

277 1042 430 1103 ΠΗ.

276 1965 416 2026 ΧΟ.

281 2215 425 2276 ΠΗ.

277 2466 418 2527 ΧΟ.

276 2549 428 2609 ΠΗ.

277 2801 417 2862 ΧΟ.

280 2885 430 2944 ΠΗ.

279 3221 420 3284 XO.

1011 120 1192 177 ΛΝΔ
1203 118 1566 176 ΡΟΜΑΧΗ

507 276 836 365 οἰχόμεθ’·
865 278 1092 347 οὐκέτι
1114 305 1226 367 μοι
1252 284 1478 367 γένος,
1498 278 1722 349 οὐκέτι

508 368 799 432 λείπεται
821 371 1084 443 οἴκοις.

507 472 558 513 ω
572 448 876 553 σχέτλιος
897 448 1233 515 παθέων’
1198 446 1361 531 εγω’·
1392 454 1485 527 εἰς
1505 454 1653 515 τίνα

509 529 594 637 δὴ
617 536 820 615 φίλον
842 528 1056 638 αὐγὰς
1087 532 1317 617 βαλών
1353 534 1704 642 τέρψομαι,
1844 554 1851 561 ·
2156 554 2309 609 1180

508 640 558 683 ω
586 619 816 721 φίλεον
834 616 1048 723 στόμα
1074 620 1186 683 καὶ
1207 622 1373 700 γένυ
1402 617 1513 683 καὶ
1541 618 1747 705 χέρες,

505 706 649 767 εἴθε
671 695 737 764 σ’
766 694 878 767 ὑπ’
903 696 1132 789 'Iup'
1066 726 1297 806 ηναρε
1322 704 1579 785 δαίμων

509 786 915 892 Σιμοεντίδα
939 765 1087 889 παρ’
1118 780 1349 852 ἀκτάν.
2010 840 2017 847 .

510 858 710 970 οὗτός
733 862 903 935 τάν
925 864 1016 946 ὦς
1039 870 1112 935 ἐκ
1139 866 1351 936 τῶνδ’
1378 864 1618 975 ἐτιμᾶτ’
1647 894 1767 955 αν,
1793 870 2015 959 γέρον,

512 947 784 1057 θανων,
817 950 892 1018 τό
916 949 1042 1056 σὸν
1067 948 1132 1019 δ’
1159 945 1248 1059 ἦν
1282 944 1403 1019 οἷδ’
1432 978 1519 1018 αν
1544 949 2041 1061 εὐτυχέστερον.
2152 974 2300 1029 1185

501 1060 552 1101 ω
579 1002 822 1139 γάμος,
855 1062 926 1103 ω
933 1035 1161 1121 γάμος,
1159 978 1264 1115 ηδς
1287 1034 1443 1104 τάδε
1468 1036 1614 1123 δω’μ
1617 1060 1739 1103 ατα
1974 1036 2117 1107 ἀντ.

505 1121 614 1185 καὶ
638 1118 836 1186 πόλιν
863 1116 1116 1227 ὤλεσας
1150 1125 1181 1164 *
1205 1123 1236 1159 *
1262 1124 1293 1158 *
1316 1124 1346 1162 *
1372 1125 1401 1161 *

502 1207 645 1269 αἰαῖ
663 1207 817 1270 αἰαῖ.
863 1196 919 1289 οἷ
942 1216 1081 1290 παῖ,

506 1287 760 1393 μήποτε
783 1282 924 1354 σων
951 1254 1198 1372 λεχέων
1219 1285 1295 1354 τὸ
1321 1289 1739 1376 δυσωνυμον

498 1366 697 1474 ω’φελ’
726 1364 890 1455 έμόν
912 1376 1106 1458 γένος
1131 1376 1223 1451 εἰς
1246 1374 1449 1439 τέκνα
1479 1370 1589 1439 καὶ
1612 1370 1825 1459 δόμον
2152 1392 2300 1446 1190

491 1450 1007 1561 ἀμφιβαλέσθαι

491 1534 845 1641 Ἐρμιόνας
862 1534 1088 1605 Ἀίδαν
1109 1540 1216 1606 ἐπὶ
1240 1544 1353 1605 σοί
1361 1556 1675 1625 ,τεκνον,

509 1616 678 1688 ἀλλὰ
701 1627 1012 1710 κεραυνῷ
1029 1623 1343 1729 πρόσθεν
1361 1590 1671 1730 ὀλέσθαι,

509 1730 554 1790 μ
601 1699 664 1770 δ’
695 1706 800 1771 ἐπὶ
822 1688 1154 1795 τοξοσύνα
1185 1712 1404 1795 φονίῳ
1434 1706 1682 1793 πατρὸς
1918 1744 1923 1749 ·
2008 1746 2013 1751 ·

505 1814 664 1873 αμα
684 1786 759 1855 τὸ
785 1792 1082 1895 διογενές
1107 1814 1267 1857 ποτε
1292 1798 1547 1877 Φοῖβον
2153 1807 2293 1861 1195

510 1870 749 1979 βροτὸς
761 1878 865 1980 εἰς
887 1874 1057 1941 θεὸν
1081 1871 1355 1954 ἀνάψαι.
1931 1944 1942 1952 ,

504 1953 729 2025 ὀτοτοῖ
746 1954 994 2026 ὀτοτοῖ·
1892 1973 2031 2042 στρ.
2058 1957 2117 2024 α’

507 2041 810 2108 θανόντα
839 2043 1175 2111 δεσπόταν
1199 2041 1387 2146 γόοις

509 2125 694 2230 νόμω
716 2131 808 2191 τῶ
834 2128 1168 2214 νερτέρων
1191 2126 1515 2212 κατάρξω.

509 2205 734 2275 ὀτοτοῖ
751 2191 998 2276 ὀτοτοῖ·
1148 2247 1152 2250 -
1883 2206 2024 2276 άντ.
2052 2209 2110 2276 α’
2150 2227 2294 2279 1200

508 2289 824 2374 διάνδιχ’,
853 2315 904 2356 ω
937 2293 1142 2366 τάλας
1173 2292 1328 2374 ἐγώ,

505 2377 723 2460 γέρων
746 2378 854 2442 καὶ
881 2379 1212 2483 δυστυχὴς
1235 2377 1530 2462 δακρύω.

505 2464 679 2526 θεοῦ
691 2457 820 2545 γὰρ
834 2457 1007 2564 αἶσα,
1032 2459 1195 2541 θεὸς
1212 2465 1450 2546 ἔκρανε
1474 2460 1855 2547 συμφοράν.
1897 2479 2035 2545 στρ.
2054 2459 2115 2544 β’

511 2569 560 2610 ω
555 2547 813 2648 φίλος,
837 2545 1049 2631 δόμον
1074 2549 1293 2624 ἔλιπες
1316 2548 1587 2694 ἔρημον,
2149 2561 2290 2613 1205

510 2625 702 2713 [ω’μοι
725 2653 871 2734 noy,
898 2634 1321 2714 ταλαίπωρον
1346 2631 1481 2714 έμε]

511 2713 759 2796 γέροντ’
789 2679 1038 2778 άπαιδα
1060 2717 1405 2798 νοσφίσας.

506 2805 746 2862 θανεῖν
775 2805 1018 2862 θανεῖν
1041 2815 1116 2860 σε
1135 2797 1471 2882 πρέσβυ,
1498 2801 1666 2881 χρῆν
1693 2797 1903 2882 πάρος
1925 2796 2197 2860 τέκνων.

506 2873 588 2944 οὐ
615 2880 1032 2982 σπαράξομαι
1061 2880 1299 2982 κόμαν,

514 2958 640 3027 οὐκ
665 2961 1070 3066 ἐπιθήσομαι
1095 2963 1269 3069 κάρᾳ
2152 2976 2293 3028 1210

510 3044 822 3130 κτύπημα
884 3043 1061 3128 ειρός
1083 3043 1320 3126 ὀλοόνς·
1346 3073 1399 3112 ω
1425 3047 1617 3125 πόλις
1644 3045 1857 3134 πόλις,

513 3133 772 3196 διπλων
798 3071 910 3196 τέκ
871 3155 1052 3196 κνων
1074 3128 1134 3217 μ’
1163 3131 1474 3235 ἐστέρησε
1503 3137 1770 3216 Φοῖβος.

512 3239 562 3279 ω
587 3211 758 3280 κακὰ
801 3213 1047 3282 παθων
1071 3214 1235 3282 ἰδών
1258 3239 1330 3282 τε
1352 3218 1685 3300 δυστυχὴς
1707 3217 1947 3302 γέρων,
2040 3233 2197 3297 στρ.
2229 3210 2290 3296 γ’

837 3311 1064 3367 1197—
1082 3313 1319 3369 1199Ξ
1334 3315 1719 3368 1200-1202
2261 3331 2279 3343 ³

834 3389 1709 3453 1203—12132-1218--1225

888 3482 1025 3536 1214
1041 3516 1053 3528 ·
1073 3482 1452 3536 12l5=1216
1470 3517 1481 3529 .
1504 3481 1634 3534 1217
