2492 3900
321 134 402 195 38
1065 139 1516 196 ΑΛΚΗΣΤΙΣ

548 309 672 385 ἕως
709 301 794 373 ἂν
822 310 1068 385 ἵππους
1095 310 1303 391 δεῦρο
1344 312 1640 394 Θρῃκίας
1669 301 1857 392 ἅγων

549 416 750 493 ἔλθω,
785 408 1125 495 τύραννον
1156 409 1505 474 Βιστόνων
1529 409 1985 473 κατακτανών.

550 509 798 597 πράξας
825 505 892 578 δ’
927 505 966 577 ὃ
992 506 1081 596 μή
1111 506 1406 594 τύχοιμι,
1448 507 1841 595 νοστήσαιμι
1874 510 2024 599 γάρ,

548 617 794 699 δίδωμι
823 611 1025 700 τήνδε
1055 625 1231 679 σοῖσι
1260 617 1667 700 προσπολεῖν
1696 610 1945 698 δόμοις.

548 721 778 806 πολλῷ
807 713 883 782 δὲ
911 712 1147 805 μόχθω
1174 728 1400 800 χεῖρας
1427 701 1644 799 ἦλθεν
1674 720 1767 794 εἰς
1797 713 1988 800 ἐμάς·
2207 734 2336 786 1025

547 812 776 903 ἀγῶνα
802 814 930 905 γὰρ
960 815 1312 902 πάνδημον
1342 810 1634 902 εὑρίσκω
1666 815 1851 896 τινας

544 920 888 1005 τιθέντας,
923 915 1326 1005 ἀθληταισιν
1354 913 1542 998 ἀξιον
1569 917 1803 1005 πόνον,

546 1016 716 1089 οθεν
745 1027 990 1109 κομίζω
1019 1021 1219 1110 τήνδε
1248 1019 1601 1109 νικητήρια

547 1122 807 1210 λαβών·
839 1121 918 1192 τὰ
944 1121 1069 1209 μὲν
1097 1121 1225 1210 γὰρ
1257 1149 1486 1209 κουφα
1513 1138 1653 1203 τοις
1679 1144 1965 1192 νικωσιν
1989 1114 2079 1211 ἦν

545 1230 791 1305 ἵππους
816 1223 1137 1314 ἄγεσθαι,
1165 1239 1337 1293 τοῖσι
1368 1221 1432 1292 δ’
1468 1214 1559 1294 αὖ
1586 1223 1665 1294 τὰ
1694 1232 1963 1312 μείζονα
2201 1244 2338 1299 1030

544 1333 804 1414 νικῶσι,
837 1324 1111 1415 πυγμὴν
1138 1328 1253 1395 καὶ
1279 1325 1532 1414 πάλην,
1565 1328 1982 1417 βουφόρβια·

548 1433 722 1516 γυνὴ
755 1428 819 1497 δ’
856 1425 950 1498 ἐπ’
984 1425 1210 1509 αὐτοῖς
1241 1424 1435 1499 εἵπετ’
1457 1452 1471 1465 ·
1509 1427 1855 1516 ἐντυχόντι
1884 1429 1962 1498 δὲ

544 1530 823 1619 αἰσχρὸν
850 1546 1164 1620 παρεῖναι
1192 1534 1431 1618 κέρδος
1456 1522 1544 1618 ἦν
1572 1528 1713 1600 τόδ’
1752 1530 2039 1611 εὐκλεές.

544 1630 681 1701 ἀλλ’
716 1629 938 1722 ὥσπερ
971 1632 1192 1720 εἷπον,
1222 1635 1331 1701 σοὶ
1357 1635 1586 1720 μέλειν
1615 1649 1906 1720 γυναῖκα
1932 1635 2093 1723 χρή·

543 1733 626 1803 οὐ
656 1735 784 1825 γὰρ
815 1742 1178 1822 κλοπαίαν,
1208 1732 1377 1803 ἀλλὰ
1404 1732 1535 1804 σὺν
1565 1735 1751 1829 πόνῳ
1780 1734 2009 1823 λαβὼν
2201 1754 2335 1809 1035

544 1835 686 1926 ἥκω
705 1860 718 1874 ·
748 1838 967 1930 χρόνῳ
997 1838 1073 1907 δὲ
1101 1840 1216 1907 καὶ
1244 1837 1331 1906 σύ
1361 1836 1420 1926 μ’
1454 1842 1740 1918 αἰνέσεις
1770 1849 1947 1918 ἴσως.

315 1955 461 2016 ΑΔ.
536 1937 724 2012 οὗτοι
752 1939 815 2012 σ’
850 1939 1088 2026 ἀτίζων
1118 1938 1270 2012 οὐδ’
1308 1944 1381 2012 έν
1410 1945 1759 2031 ἐχθροῖσιν
1786 1944 2001 2024 τιθεὶς

544 2041 788 2134 ἔκρυψ’
823 2048 982 2133 ἐμῆς
1008 2042 1332 2132 γυναικὸς
1361 2041 1653 2124 ἀθλίους
1687 2043 1931 2130 τύχας·

541 2144 677 2216 ἀλλ’
713 2143 912 2235 ἄλγος
941 2144 1131 2236 ἄλγει
1159 2144 1335 2217 τοῦτ’
1370 2142 1456 2216 ἂν
1483 2138 1571 2236 ἦν
1598 2154 2113 2239 προσκείμενον,

547 2260 615 2318 εἴ
632 2277 754 2318 του
783 2247 950 2337 πρὸς
978 2245 1188 2319 ἄλλον
1217 2246 1475 2338 δώμαθ’
1509 2246 1832 2341 ὡρμήθης
1859 2252 2091 2332 ξένου·
2198 2266 2338 2321 1040

543 2347 690 2431 ἅλις
716 2351 793 2420 δὲ
818 2358 1081 2420 κλαίειν
1112 2349 1367 2440 τούμὸν
1394 2343 1482 2441 ἦν
1509 2356 1656 2441 ἐμοὶ
1684 2352 1916 2422 κακόν.

542 2469 832 2541 γυναῖκα
861 2450 951 2541 δ’,
983 2463 1051 2524 εἴ
1071 2480 1211 2535 πως
1241 2461 1457 2542 ἔστιν,
1498 2461 1817 2543 αἰτοῦμαί
1838 2451 1931 2540 σ’,
1963 2451 2151 2542 ἅναξ,

542 2554 750 2626 ἄλλον
778 2554 895 2628 τιν’
930 2555 1112 2638 ὅστις
1139 2556 1231 2646 μὴ
1263 2560 1609 2628 πέπονθεν
1638 2553 1721 2626 οἷ’
1756 2558 1887 2644 ἐγώ

543 2660 776 2743 σώζειν
804 2658 1065 2748 ἄνωχθι
1097 2667 1493 2748 Θεσσαλῶν,
1524 2663 1760 2730 πολλοὶ
1787 2664 1869 2729 δέ
1892 2682 2001 2729 σοι

542 2765 720 2842 ξένοι
749 2770 1086 2850 Φεραίων,
1123 2762 1212 2850 μὴ
1239 2762 1350 2850 ’μέ
1363 2787 1376 2799 ·
1408 2763 1801 2851 μιμνήσκεις
1828 2768 2079 2832 κακῶν.
2193 2776 2336 2831 1045

541 2860 668 2932 οὐκ
697 2859 782 2931 ἂν
809 2869 1148 2952 δυναίμην
1176 2863 1369 2952 τήνδ’
1404 2862 1585 2954 ὁρῶν
1613 2869 1687 2934 ἐν
1721 2866 2026 2953 δώμασιν

544 2961 843 3055 ἄδακρυς
873 2966 1074 3036 εἶναι·
1107 2966 1198 3055 μὴ
1227 2976 1682 3056 νοσοῦντί-μοι
1712 2968 1918 3037 νόσον

544 3075 880 3156 προσθῇς·
913 3065 1058 3150 ἅλις
1086 3068 1214 3158 γὰρ
1247 3077 1569 3162 συμφορᾷ
1596 3070 1999 3160 βαρύνομαι.

543 3176 677 3238 ποῦ
704 3172 818 3239 καὶ
854 3171 1141 3262 τρέφοιτ’
1173 3171 1260 3241 ὅέν
1290 3173 1618 3261 δωμάτων
1644 3175 1767 3242 νέα
1796 3172 2012 3260 γυνής

542 3275 663 3341 νέα
689 3273 817 3363 γάρ
836 3327 855 3361 ,
896 3272 985 3356 ὥς
1015 3278 1249 3364 ἐσθῆτι
1279 3278 1392 3345 καὶ
1421 3276 1648 3367 κόσμῳ
1678 3278 1940 3364 πρέπει.
2197 3291 2345 3344 1050

542 3375 790 3464 πότερα
821 3376 951 3463 μετ’
985 3376 1258 3467 ἀνδρῶν
1287 3375 1421 3464 δῆτ’
1457 3377 1789 3466 ἐνοικήσει
1819 3380 2099 3465 στέγην;

542 3480 655 3547 καὶ
681 3486 822 3560 πῶς
849 3477 1226 3569 ἀκραιφνὴς
1258 3484 1333 3548 έν
1359 3482 1536 3558 νέοις
1565 3482 2028 3566 στρωφωμένη
