2492 3900
327 179 454 243 326

338 871 494 934 ΜΕ.

817 176 1232 235 ΗΡΑΚΛΗΣ
1266 174 1882 234 ΜΑΙΝΟΜΕΝΟΣ

558 357 780 439 φίλων
807 348 885 417 δὲ
909 345 1068 427 τούς
1095 346 1220 433 μὲν
1252 339 1335 414 ού
1364 360 1605 434 σαφεῖς
1639 341 1777 434 ὁρῶ
1808 351 2073 434 φίλους,

559 459 630 522 οἱ
653 449 719 520 δ’
755 447 946 532 ὄντες
971 446 1199 538 ὀρθῶς
1225 444 1552 518 ἀδύνατοι
1579 457 2068 537 προσωφελεῖν.

558 561 872 625 τοιοῦτον
899 549 1370 642 ἀνθρώποισιν
1394 548 1437 639 ἡ
1466 554 1864 639 δυσπραξία,

563 643 642 745 ἦς
677 651 935 745 μήποθ’
969 651 1148 735 ὅστις
1173 655 1289 723 καὶ
1312 656 1530 741 μέσως
1560 649 1805 734 εὔνους
1828 656 1977 742 ’ἐμοὶ

564 761 772 848 τύχοι,
805 764 1027 845 φίλων
1055 763 1331 844 ἔλεγχον
1358 752 1877 837 ἀψευδέστατον.

567 853 622 930 ὦ
649 863 933 950 πρέσβυ,
972 866 1255 946 Ταφίων
1286 855 1360 939 ὅς
1386 855 1524 928 ποτ’
1556 861 1800 940 ἐξεῖλες
1826 858 2027 928 πόλιν

566 961 1102 1053 στρατηλατήσας
1130 958 1366 1030 κλεινὰ
1390 966 1755 1050 Καδμείων
1780 959 1998 1050 δορός,

571 1064 659 1148 ὡς
687 1063 895 1136 οὐδὲν
921 1062 1346 1154 ἀνθρώποισι
1372 1070 1510 1133 τῶν
1536 1070 1755 1133 θείων
1789 1066 2015 1152 σαφές.

570 1167 700 1258 ἐγώ
729 1167 860 1258 γὰρ
889 1164 1024 1237 οὔτ’
1059 1174 1152 1248 εἰς
1178 1163 1400 1256 πατέρ’
1432 1163 1797 1256 ἀπηλάθην
1828 1166 2054 1256 τύχης,

568 1268 640 1353 ὃς
681 1269 881 1342 εἵνεκ’
925 1267 1136 1358 ὄλβου
1161 1272 1372 1358 μέγας
1400 1270 1797 1359 ἐκομπάσθη
1826 1273 2005 1357 ποτέ,

577 1382 748 1462 ἔχων
774 1370 1158 1463 τυραννίδ’,
1187 1363 1268 1461 ἦς
1294 1375 1546 1462 μακραὶ
1573 1373 1806 1460 λόγχαι
1834 1375 1988 1461 πέρι

570 1473 831 1563 πηδῶσ’
864 1483 1063 1564 ἔρωτι
1091 1471 1333 1564 σώματ’
1368 1481 1463 1555 εἰς
1494 1471 1884 1564 εὐδαίμονα,

571 1584 743 1666 ἔχων
771 1577 846 1645 δὲ
873 1579 1101 1646 τέκνα·
1135 1574 1282 1664 κᾶμ’
1316 1581 1529 1646 ἔδωκε
1556 1580 1750 1646 παιδὶ
1778 1585 1875 1669 σῷ

571 1684 898 1767 ἐπίσημον
928 1673 1140 1766 εὐνὴν
1159 1676 1480 1769 Ἡρακλεῖ
1501 1687 1908 1760 συνοικίσας.

571 1784 684 1852 καὶ
715 1785 847 1852 νῦν
879 1785 1104 1851 ἐκεῖνα
1130 1783 1257 1869 μὲν
1282 1778 1555 1850 θανόντ’
1590 1779 1917 1852 ἀνέπτατο
1935 1803 1950 1819 ·

573 1883 703 1975 ἐγώ
734 1883 808 1955 δὲ
841 1887 955 1955 καὶ
983 1881 1072 1955 σύ
1105 1887 1435 1973 μέλλομεν
1460 1884 1811 1973 θνήσκειν,
1848 1886 2070 1974 γέρον,

575 1995 648 2059 οἵ
667 1986 742 2057 θ’
772 1985 1151 2078 Ἡράκλειοι
1179 1991 1434 2075 παῖδες,
1465 1982 1587 2067 οὓς
1614 1984 1749 2057 ὑπὸ
1779 2000 2048 2077 πτεροῖς

575 2089 762 2175 σώζω
788 2089 1116 2171 νεοσσοὺς
1141 2086 1333 2180 ὅρνις
1360 2086 1450 2170 ὂς
1478 2086 1911 2178 ὖφειμένους.

574 2200 639 2263 οἳ
671 2192 739 2262 δ’
775 2198 869 2273 εἰς
899 2200 1174 2280 ἔλεγχον
1201 2189 1400 2272 ἄλλος
1429 2188 1725 2262 ἄλλοθεν
1752 2201 2032 2281 πίτνων,

578 2285 632 2363 ὦ
660 2301 888 2384 μῆτερ,
922 2292 1121 2385 αὐδᾷ,
1151 2311 1273 2363 ποῖ
1301 2292 1517 2384 πατὴρ
1545 2291 1780 2364 ἄπεστι
1807 2300 1963 2382 γῆς;

577 2403 648 2464 τί
670 2400 833 2487 δρᾷ,
867 2392 1034 2465 πόθ’
1065 2390 1243 2483 ἦξει;
1274 2404 1367 2490 τῷ
1398 2400 1531 2490 νέῳ
1561 2393 1627 2466 δ’
1660 2400 2065 2485 ἐσφαλμένοι

579 2504 850 2588 ζητοῦσι
875 2497 996 2568 τὸν
1029 2496 1278 2569 τεκόντ’
1301 2522 1315 2535 ·
1346 2498 1477 2587 ἐγώ
1507 2500 1583 2569 δὲ
1610 2503 1912 2589 διαφέρω

585 2601 840 2690 λόγοισι
866 2602 1290 2690 μυθεύουσα.
1353 2602 1720 2689 θαυμάζων
1748 2599 1815 2671 δ’
1847 2598 2009 2671 ὅταν

580 2705 787 2776 πύλαι
815 2712 1108 2794 ψοφῶσι,
1139 2712 1269 2786 πᾶς
1292 2700 1645 2791 ἀνίστησιν
1675 2703 1872 2792 πόδα,

585 2804 674 2886 ὡς
701 2804 870 2895 πρὸς
897 2814 1213 2898 πατρῷον
1240 2806 1816 2896 προσπεσούμενοι
1844 2806 2034 2895 γόνυ.

585 2915 718 2976 νῦν
746 2898 873 2977 οὖν
900 2905 1020 2977 τίν’
1053 2906 1272 2979 ἐλπίδ’
1306 2905 1351 2997 ἢ
1382 2909 1594 2997 πόρον
1623 2915 1951 2999 σωτηρίας

586 3013 1015 3100 ἐξευμαρίζει,
1049 3014 1347 3101 πρέσβυς
1377 3009 1544 3102 πρὸς
1570 3012 1647 3081 σὲ
1672 3010 1801 3102 γὰρ
1829 3012 2076 3101 βλέπω.

586 3108 676 3194 ὦς
705 3110 862 3183 οὔτε
891 3122 1086 3203 γαίας
1113 3111 1248 3204 ὅρι’
1285 3109 1371 3183 ἀν
1398 3118 1716 3202 ἐκβαῖμεν
1744 3114 1969 3206 λάθρα
1987 3136 2002 3151 ·

586 3218 886 3303 φυλακαὶ
910 3216 1040 3308 γὰρ
1071 3214 1263 3306 ἡμῶν
1292 3224 1677 3307 κρείσσονες
1708 3214 1845 3286 κατ’
1878 3216 2154 3299 ἐξόδους
2176 3239 2193 3254 ·

587 3314 721 3387 ουτ’
753 3322 828 3387 ἐν
857 3328 1158 3407 φίλοισιν
1186 3323 1452 3399 ἐλπίδες
1481 3327 1812 3410 σωτηρίας

591 3417 684 3488 ἔτ’
721 3422 892 3489 εἰσὶν
919 3418 1100 3509 ημῖν.
1156 3418 1366 3509 ηντιν’
1400 3413 1529 3491 οὖν
1555 3420 1835 3510 γνώμην
1870 3429 2038 3509 ἔχεις

596 3518 722 3605 λέγ’
757 3529 850 3601 εἰς
877 3519 952 3589 τὸ
983 3522 1237 3609 κοινόν,
1268 3522 1357 3611 μὴ
1386 3534 1632 3593 θανεῖν
1663 3526 1931 3611 ετοιμον
1957 3512 2023 3611 ᾖ,

2286 342 2416 420 55²-

2294 876 2458 930 60⁴

2307 1391 2364 1444 65

2301 1903 2359 1960 το

2310 2415 2371 2470 75
