2492 3900
908 158 1451 216 ΗΡΑΚΛΕΙΔΑΙ
1998 186 2016 197 2
2056 155 2181 220 295

398 336 591 417 κείνη
620 327 695 398 δὲ
720 329 1024 406 Πέλοπος
1053 326 1411 415 θυγατρός·
1445 329 1769 410 ἐξανεψίω

397 429 614 519 πατὴρ
647 426 733 498 ἂν
763 439 867 517 εἴη
897 429 1010 508 σός
1038 455 1109 497 τε
1137 423 1230 516 χῶ
1262 427 1519 497 τούτων
1548 428 1777 518 γεγώς.

399 537 642 621 γένους
671 531 795 620 μὲν
823 528 1008 621 ἥκεις
1037 522 1170 600 ὦδε
1197 535 1457 618 τοῖσδε,
1488 537 1868 620 Δημοφῶν*

397 632 446 704 ἃ
473 633 540 704 δ’
573 633 760 715 ἐκτὸς
786 629 916 722 ἤδη
945 640 1064 702 τοῦ
1095 632 1547 723 προσήκοντός
1572 654 1649 702 σε
1685 638 1794 703 δεῖ

400 753 576 807 τῖσαι
605 740 777 825 λέγω
805 757 909 805 σοι
939 743 1159 805 παισί·
1193 738 1365 824 φημὶ
1394 735 1520 826 γάρ
1549 762 1710 805 ποτε
2080 756 2177 804 *215

395 839 746 925 σύμπλους
771 840 1089 926 γενέσθαι
1117 835 1324 907 τῶνδ’
1354 833 1745 921 ὑπασπίζων
1770 848 1992 924 πατρί,

397 947 693 1029 ζωστῆρα
723 949 933 1026 Θησεῖ
955 938 1073 1008 τὸν
1101 938 1520 1009 πολυκτόνον
1545 941 1727 1027 μέτα,

382 1037 620 1111 1’Ἅιδου
647 1038 706 1110 τ’
742 1045 1044 1129 ἐρεμνῶν
1073 1040 1480 1129 ἐξανήγαγεν
1507 1048 1739 1128 μυχῶν

399 1146 650 1233 πατέρα
677 1143 830 1213 σόν·
862 1140 1090 1222 Ἑλλὰς
1117 1151 1295 1212 πᾶσα
1322 1149 1520 1211 τοῦτο
1549 1160 1892 1233 μαρτυρεῖ.

381 1234 505 1334 [er
523 1243 926 1315 ἀντιδοῦναί
945 1241 1010 1312 σ’
1044 1241 1177 1314 οἵδ’
1213 1242 1614 1318 ἀπαιτοῦσιν
1638 1246 1852 1336 χάριν,
2076 1264 2177 1312 22ss

395 1344 550 1435 μήτ’
587 1351 953 1436 ἐκδοθῆναι
980 1346 1142 1434 μήτε
1169 1346 1336 1437 πρὸς
1361 1354 1522 1435 βίαν
1548 1354 1735 1417 θεῶν

393 1455 531 1518 τῶν
559 1457 700 1518 σῶν
727 1447 1275 1530 ἀποσπασθέντες
1306 1453 1611 1518 ἐκπεσεῖν
1635 1448 1900 1537 χθονός.

395 1553 499 1620 σοὶ
525 1551 655 1640 γὰρ
684 1548 827 1622 τόδ’
861 1551 1135 1640 αἰσχρόν
1155 1603 1173 1637 ,
1201 1553 1403 1641 χωρὶς
1433 1556 1505 1620 ἐν
1534 1551 1724 1620 πόλει
1759 1555 1988 1632 anamim

399 1655 614 1734 ἱκέτας
641 1650 882 1742 ἀλήτας
909 1669 1288 1741 συγγενεῖς,
1319 1665 1495 1741 οἴμοι
1521 1661 1770 1740 κακῶν,

396 1758 646 1844 βλέψον
674 1754 840 1845 πρὸς
868 1752 1117 1835 αὐτούς
1143 1759 1431 1844 βλέψον,
1461 1759 1779 1825 ἕλκεσθαι
1804 1760 1972 1848 βίῳ]
2076 1776 2173 1824 *22:2-

396 1854 542 1926 ἆλλ’
578 1854 866 1945 ἅντομαί
889 1878 964 1926 σε
990 1859 1103 1926 καὶ
1130 1860 1521 1944 καταστέφω
1546 1872 1794 1946 χεροῖν,

396 1956 487 2044 μὴ
522 1959 691 2045 πρὸς
725 1967 1028 2049 γενείου,
1057 1966 1377 2047 μηδαμῶς
1406 1956 1725 2048 ἀτιμάσῃς

392 2060 549 2143 τούς
577 2058 1008 2151 Ἡρακλείους
1038 2067 1280 2143 παῖδας
1310 2068 1402 2141 εἰς
1431 2064 1625 2149 χέρας
1665 2068 1912 2148 λαβεῖν.

397 2171 602 2252 γενοῦ
630 2163 707 2233 δὲ
733 2170 958 2234 τοῖσδε
985 2164 1349 2251 συγγενής,
1378 2170 1584 2251 γενοῦ
1613 2169 1807 2251 φίλος

395 2264 611 2356 πατὴρ
643 2263 934 2355 ἀδελφὸς
963 2266 1323 2355 δεσπότης·
1360 2261 1619 2335 ἅπαντα
1640 2263 1768 2355 γὰρ
2076 2285 2177 2333 23³]

397 2364 583 2437 ταῦτ’
616 2370 754 2437 ἐστὶ
782 2375 1068 2460 κρείσσω
1103 2367 1284 2456 πλὴν
1310 2364 1432 2437 ὑπ’
1460 2366 1782 2459 Ἀργείοις
1810 2385 2056 2439 πεσεῖν,

141 2466 218 2541 Χ
223 2478 304 2537 Ο.
393 2466 656 2561 ᾤ’κτειρ’
691 2467 983 2551 ἀκούσας
1008 2470 1255 2539 τούσδε
1280 2478 1665 2562 συμφορᾶς,
1698 2468 1880 2553 ἅναξ.

397 2570 519 2659 τὴν
548 2567 605 2641 δ’
636 2569 987 2661 εὐγένειαν
1017 2579 1131 2660 τῆς
1160 2572 1362 2659 τύχης
1389 2575 1769 2660 νικωμένην

402 2682 531 2741 νῦν
560 2672 644 2762 δὴ
673 2671 936 2762 μάλιστ’
972 2680 1291 2744 εἰσεῖδον·
1327 2678 1470 2742 οἵδε
1496 2672 1624 2762 γὰρ
1655 2673 1900 2759 πατρὸς

399 2780 650 2844 ἐσθλοῦ
678 2784 963 2865 γεγῶτες
990 2774 1400 2865 δυστυχοῦσ’
1435 2773 1737 2857 ἀναξίως.
2072 2797 2173 2845 ιῑιςῇῇ

139 2891 216 2950 A
225 2886 316 2945 H.
404 2885 674 2967 τρισσαί
706 2876 777 2966 μ’
811 2875 1259 2967 ἀναγκάζουσι
1286 2884 1638 2967 συμφορᾶς
1668 2873 1838 2964 ὁδοί,

398 2977 599 3049 Ἰόλαε
619 3032 638 3067 ,
670 2977 828 3061 τούς
857 2978 1019 3059 σούς
1046 2980 1134 3068 μὴ
1162 2980 1608 3071 παρώσασθαι
1640 2980 1912 3068 λόγους·

398 3079 474 3150 τὸ
501 3082 626 3169 μὲν
652 3083 966 3169 μέγιστον
993 3081 1164 3161 Ζεὺς
1194 3081 1305 3170 ἐφ’
1349 3073 1433 3150 οὗ
1459 3079 1546 3150 σὺ
1574 3081 1823 3170 βῶμιος

395 3194 632 3264 θακεῖς
661 3190 962 3253 νεοσσῶν
988 3179 1175 3269 τήνδ’
1209 3189 1380 3269 ἔχων
1412 3182 1761 3274 ὁμήγυριν,

395 3284 470 3353 τὸ
501 3288 822 3375 συγγενές
849 3313 920 3354 τε
947 3286 1059 3353 καὶ
1086 3281 1160 3353 τὸ
1193 3290 1636 3372 προυφείλειν
1664 3292 1880 3365 καλῶς
2076 3305 2177 3350 :14⁴3

398 3387 726 3478 πράσσειν
752 3384 913 3476 παρ’
946 3384 1136 3475 ἡμῶν
1163 3385 1407 3455 τούσδε
1436 3387 1752 3479 πατρῴαν
1777 3385 1920 3472 χάρε
1940 3417 1992 3469 ³2

395 3488 472 3557 τό
500 3488 559 3557 τ’
595 3489 903 3580 αἰσχρόν,
935 3480 1145 3578 οὗπερ
1191 3493 1302 3556 δεῖ
1328 3486 1607 3575 μάλιστα
1638 3497 1984 3575 φροντίσαι
2012 3513 2020 3522 ·
