2492 3900
263 112 388 177 334

263 496 403 557 XO.

268 902 427 962 AM.

270 2024 431 2085 ME.

735 115 1151 174 ΗΡΑΚΑΗΣ
1184 115 1805 177 ΜΛΙΝΟΙΡΙΕΝΟΣ

491 274 845 374 πρόθυμός
872 287 1085 372 ἐστιν,
1111 277 1154 372 ἡ
1188 289 1541 372 προθυμία
1567 280 1631 352 δ’
1664 280 1939 374 ἄφρων·
2180 305 2295 360 310

492 381 532 454 ὃ
559 385 687 474 χρὴ
715 383 845 475 γὰρ
871 381 1100 465 οὐδεὶς
1132 381 1222 472 μὴ
1248 381 1471 474 χρεών
1496 384 1698 472 θήσει
1724 389 1908 456 ποτέ.

489 494 553 557 εἰ
575 487 700 576 μὲν
725 487 1117 556 σθενόντων
1149 493 1289 555 τῶν
1314 489 1497 574 ἐμῶν
1525 487 1909 575 βραχιόνων

493 580 581 677 ἦν
607 597 706 670 τίς
736 585 803 658 σ’
834 585 1161 679 ὑβρίζων,
1201 591 1452 680 ῥαδίως
1487 589 1745 660 ἔπαυσά
1771 586 1827 678 γ’
1860 587 1975 659 ἄν·

496 699 630 761 νῦν
657 687 722 760 δ’
757 686 966 760 οὐδέν
991 695 1211 779 ἐσμεν.
1268 689 1394 760 σὸν
1435 690 1512 759 δὲ
1545 687 1965 763 τούντεῦθεν
2006 712 2303 766 σκοπεῖν

496 791 678 872 ὅπως
704 791 936 861 διῶσει
962 791 1080 874 τὰς
1105 793 1342 879 τύχας,
1362 789 1815 881 Ἀμφιτρύων.
2180 813 2297 868 315

493 891 682 964 οῦτοι
710 890 786 964 τὸ
815 893 1044 964 δειλὸν
1073 891 1237 964 οὐδὲ
1264 899 1387 963 τοῦ
1420 901 1579 981 βίου
1604 895 1823 976 πόθος

492 1007 740 1066 θανεῖν
766 995 994 1085 ἐρύκει
1022 992 1109 1085 μ’,
1140 994 1311 1065 ἀλλὰ
1341 997 1537 1065 παιδὶ
1565 997 1896 1085 βούλομαι

500 1106 714 1168 σῶσαι
739 1095 909 1168 τέκν’
930 1122 946 1136 ·
984 1095 1200 1178 ἄλλως
1227 1094 1296 1166 δ’
1325 1095 1683 1168 ἀδυνάτων
1712 1096 1865 1169 ἔοικ’
1897 1102 2077 1189 ἐρᾶν.

498 1199 655 1270 ἰδοὺ
683 1201 1007 1290 πάρεστιν
1030 1196 1155 1290 ἥδε
1182 1199 1511 1292 φασγάνῳ
1545 1203 1709 1291 δέρη

495 1317 761 1372 κεντεῖν
791 1302 1146 1390 φονεύειν,
1179 1305 1351 1372 ἰέναι
1379 1305 1622 1391 πέτρας
1654 1299 1806 1372 ἄπο.
2181 1322 2299 1376 32⁰

497 1411 659 1491 μίαν
687 1404 766 1472 δὲ
788 1411 934 1496 νῷν
961 1403 1080 1485 δὸς
1102 1405 1303 1492 χάριν
1319 1456 1339 1492 ,
1374 1401 1538 1487 α”ναξ
1554 1456 1573 1490 ,
1605 1404 1981 1493 ἱκνούμεθα
1997 1428 2012 1443 ·

501 1505 768 1575 κτεῖνόν
796 1532 878 1592 με
906 1507 1022 1574 καὶ
1049 1503 1240 1594 τήνδ’
1275 1502 1530 1575 ἀθλίαν
1556 1511 1823 1576 παίδων
1848 1508 2079 1598 πάρος,

500 1604 588 1689 ὥς
615 1604 708 1696 μὴ
736 1603 906 1676 τέκν’
941 1613 1331 1696 εἰσίδωμεν,
1364 1604 1645 1684 ,ἀνόσιον
1671 1611 1865 1698 θέαν,

497 1716 1064 1804 ψυχορραγοῦντα
1087 1712 1201 1779 καὶ
1229 1715 1567 1779 καλοῦντα
1593 1714 1845 1798 μητέρα

501 1810 750 1902 πατρός
777 1837 852 1880 τε
877 1815 1148 1902 πατέρα.
1201 1808 1409 1881 τᾶλλα
1437 1809 1504 1879 δ’
1536 1802 1584 1901 ᾗ
1613 1812 1968 1902 πρόθυμος
1997 1813 2062 1883 εἶ
2190 1831 2299 1885 325

501 1912 746 2006 πρᾶσσ’
769 1936 784 1953 ·
829 1910 911 1985 ού
941 1912 1070 2006 γὰρ
1099 1910 1313 2004 ἀλκὴν
1342 1919 1581 2002 ἔχομεν
1608 1909 1778 1984 ὥστε
1803 1915 1893 2004 μὴ
1921 1927 2191 1988 θανεῖν.

501 2014 689 2106 κάγώ
719 2015 784 2087 σ’
818 2022 1134 2105 ίκνοῦμαι
1159 2017 1377 2106 χάριτι
1406 2026 1814 2106 προσθεῖναι
1836 2018 2057 2111 χάριν,

504 2115 666 2207 ἡμῖν
693 2116 776 2188 ἵν’
808 2115 1066 2207 ἀμφοῖν
1096 2113 1193 2200 εἷς
1216 2114 1653 2209 ὑπουργήσῃς
1681 2123 1917 2189 διπλᾶ·

503 2220 756 2307 κόσμον
784 2220 988 2309 πάρες
1015 2247 1131 2308 μοι
1159 2222 1351 2289 παισὶ
1376 2230 1781 2310 προσθεῖναι
1805 2230 2091 2312 νεκρῶν,

507 2321 756 2408 δόμους
782 2316 1051 2403 ἀνοίξας
1068 2343 1083 2358 ·
1123 2328 1259 2391 νῦν
1287 2320 1417 2411 γὰρ
1443 2326 1913 2416 ἐκκεκλῄμεθα·
2190 2341 2307 2397 330

503 2419 593 2505 ὥς
621 2418 791 2492 άλλὰ
813 2423 1026 2493 ταῦτά
1051 2420 1107 2510 γ’
1141 2420 1529 2512 άπολάβωσ’
1564 2433 1774 2495 οἴκων
1802 2425 2068 2515 πατρός.

272 2532 475 2593 ΛΤΚ.
509 2532 692 2597 ἔσται
719 2523 868 2595 τάδ’
890 2548 904 2563 ·
935 2535 1154 2614 οἴγειν
1179 2529 1447 2616 κλῇθρα
1476 2526 1876 2615 προσπόλοις
1901 2529 2097 2617 λέγω.

279 2938 432 2999 ΜΕ.

283 3238 440 3305 ΑΜ.

505 2626 856 2717 κοσμεῖσθ’
891 2636 1022 2698 ἔσω
1049 2628 1400 2717 μολόντες·
1440 2625 1523 2698 ού
1560 2635 1808 2716 φθονῶ
1837 2632 2131 2700 πέπλων.

507 2728 672 2803 ὅταν
699 2729 776 2798 δὲ
803 2729 1058 2815 κόσμον
1084 2730 1546 2819 περιβάλησθε
1572 2730 1897 2819 σώμασιν,

505 2827 640 2918 ἥξω
669 2827 837 2918 πρὸς
862 2826 1035 2916 ὑμᾶς
1061 2834 1344 2923 νερτέρα
1376 2831 1618 2901 δώσων
1643 2840 1869 2919 χθονί.
2191 2850 2303 2905 335

502 2922 556 2999 ὦ
582 2927 778 3017 τέκν’,
809 2926 1130 3020 ὁμαρτεῖτ’
1165 2930 1385 3027 ἀθλίῳ
1413 2932 1666 3023 μητρὸς
1698 2936 1859 3003 ποδὶ

504 3038 822 3125 πατρῷον
850 3040 944 3114 εἰς
969 3036 1342 3125 μέλαθρον,
1376 3027 1460 3105 οὗ
1487 3044 1604 3125 τῆς
1632 3033 1868 3117 ούσίας

509 3130 700 3203 ἄλλοι
727 3142 1085 3226 κρατοῦσι,
1115 3136 1188 3206 τὸ
1221 3136 1288 3206 δ’
1322 3135 1499 3226 ὄνομ’
1535 3135 1685 3208 ἔσθ’
1719 3134 1910 3226 ἡμῶν
1938 3144 2055 3206 ἔτι.

507 3226 563 3303 τό
589 3244 758 3325 Ζεῦ,
795 3237 1011 3327 μάτην
1037 3236 1136 3329 ἄρ’
1176 3235 1521 3329 ὁμόγαμόν
1555 3237 1622 3310 σ’
1656 3239 2056 3328 ἐκτησάμην,

505 3338 721 3427 μάτην
753 3341 828 3409 δὲ
854 3340 1093 3427 παιδὸς
1121 3339 1307 3428 γονέ’
1341 3345 1503 3429 ἐμοῦ
1534 3340 1599 3412 σ’
1632 3342 2027 3431 ἐκλῄζομεν·
2195 3360 2301 3415 340

511 3438 599 3507 σὺ
629 3438 694 3508 δ’
727 3433 891 3529 ἦσθ’
925 3438 1023 3529 ἄρ’
1063 3432 1272 3527 ἧσσον
1298 3438 1346 3529 ἦ
1366 3440 1609 3523 ’δόκεις
1642 3442 1814 3513 εἶναι
1844 3451 2061 3532 φίλος.

2222 3761 2343 3853 Δ,
