2492 3900
204 1129 354 1194 ΠΕ.

69 2215 90 2230 ,
209 2153 334 2214 AI.

210 2355 360 2418 HE.

211 2457 340 2520 ΔΙ.

211 2559 361 2622 ΠΕ.

213 2661 340 2723 ΔΙ.

213 2763 361 2824 HE.

214 2866 340 2928 AI.

214 2968 362 3028 HE.

214 3070 340 3131 ΔΙ.

215 3172 362 3232 HE.

215 3275 340 3336 ΔΙ.

214 3375 361 3438 ΠΕ.

217 3478 339 3540 ΔΙ.

1009 138 1335 198 ΒΑΚΧΛΙ
2099 138 2223 203 105

437 304 517 390 ἃς
545 306 609 378 δ’
645 298 735 377 αὖ
762 305 848 376 σύ
874 306 1138 395 Βάκχας
1167 302 1419 397 εἷρξας,
1448 302 1527 388 ἃς
1564 306 1999 397 συνήρπασας

438 408 733 499 κᾶδησας
760 414 836 479 έν
864 414 1168 498 δεσμοῖσι
1193 409 1554 497 πανδήμου
1583 411 1839 498 στέγης,

441 518 749 602 φροῦδαί
772 508 829 599 γ’
864 515 1114 582 ἐκεῖναι
1146 510 1507 599 λελυμέναι
1534 509 1703 601 πρὸς
1732 509 2027 604 ὀργάδας
2116 531 2220 585 445
2340 562 2345 569 ·

439 621 757 705 σκιρτῶσι
782 614 1082 703 Βρόμιον
1107 610 1652 702 ἀνακαλούμεναι
1676 614 1879 683 θεόν·

443 713 785 805 αὐτόματα
812 713 880 785 δ’
915 714 1150 799 αύταῖς
1175 713 1389 805 δεσμα
1425 714 1715 804 διελύθη
1750 720 2001 806 πεδῶν,

440 815 758 909 κλῇδές’
709 847 746 887 τ
789 814 1051 906 ἀνῆκαν
1078 815 1352 909 θύρετρ’
1386 846 1555 889 ανευ
1582 825 1841 907 θνητῆς
1864 820 2077 910 χερός.

441 928 711 991 πολλῶν
744 916 812 989 δ’
844 916 953 990 οδ’
989 916 1161 1011 ἀνὴρ
1190 920 1569 1009 θαυμάτων
1595 916 1745 1008 ἥκει
1772 924 1989 1004 πλέως

443 1030 536 1105 εἰς
561 1024 760 1093 τάσδε
789 1022 1034 1113 Θήβας.
1099 1023 1206 1092 σοὶ
1242 1023 1319 1092 δὲ
1352 1018 1559 1093 ταλλα
1586 1022 1713 1113 χρὴ
1745 1024 1995 1110 μέλειν.
2114 1041 2220 1095 450

437 1133 764 1213 μαίνεσθε
790 1140 1022 1213 χεῖρον
1047 1122 1280 1194 τουδ’·
1316 1121 1463 1195 έν”
1420 1147 1711 1216 αρκυσιν
1739 1123 1870 1215 γὰρ
1899 1121 1997 1195 ῶν

447 1226 574 1297 οὐκ
605 1235 787 1298 ἔστιν
816 1254 1030 1309 ουτως
1058 1224 1240 1308 ῶκυς
1272 1224 1441 1299 ὥστε
1467 1225 1527 1315 μ’
1563 1230 1912 1316 ἐκφυγεῖν.

444 1328 609 1420 ἀτὰρ
638 1329 711 1399 τὸ
739 1331 864 1418 μὲν
891 1326 1050 1418 σῶμ’
1084 1327 1210 1400 οὐκ
1241 1356 1545 1419 αμορφος
1576 1329 1668 1417 εἴ,
1706 1331 1873 1417 ξένε,

447 1427 536 1513 ῶς
564 1438 658 1513 είς
685 1447 1044 1521 γυναῖκας,
1075 1429 1175 1521 ἐφ’
1212 1430 1379 1523 ὅπερ
1411 1438 1505 1513 εἰς
1534 1431 1758 1521 Θήβας
1786 1430 1987 1521 πάρει
2007 1454 2021 1470 ·

442 1534 777 1623 πλόκαμός
803 1562 875 1605 τε
905 1535 1033 1625 γάρ
1061 1555 1188 1605 σου
1217 1539 1462 1617 ταναός
1495 1531 1580 1603 ού
1608 1533 1823 1622 πάλης
1851 1530 2009 1621 ὕπο,
2119 1553 2221 1605 455

444 1639 653 1723 γένυν
683 1636 834 1726 παρ’
866 1634 1084 1725 αὐτὴν
1111 1639 1509 1726 κεχυμένος,
1539 1636 1766 1707 πόθου
1797 1638 2042 1716 πλέως·

440 1737 690 1827 λευκὴν
718 1739 794 1809 δὲ
822 1736 1059 1829 χροιὰν
1101 1742 1176 1809 ἐκ
1218 1744 1651 1827 παρασκευῆς
1685 1746 1875 1825 ἔχεις,

443 1837 563 1927 οὐχ
589 1837 788 1928 ἡλίου
814 1847 1156 1928 βολαῖσιν,
1187 1837 1326 1908 ἀλλ’
1359 1836 1496 1927 ὑπὸ
1524 1847 1736 1926 σκιᾶς,

442 1939 567 2031 τὴν
586 1938 996 2031 Ἀφροδίτην
1030 1947 1323 2031 καλλονῇ
1352 1938 1768 2031 θηρώμενος.

443 2049 717 2131 πρῶτον
743 2043 869 2131 μὲν
895 2033 1024 2113 οὖν
1051 2071 1166 2131 μοι
1192 2045 1383 2125 λέξον
1410 2038 1589 2124 ὅστις
1620 2041 1683 2112 εἶ
1706 2045 1921 2130 γένος.
2119 2061 2224 2115 460

445 2142 528 2216 ού
554 2145 809 2234 κόμπος
837 2141 1094 2226 οὐδείς·
1125 2144 1364 2236 ῥᾴδιον
1394 2141 1461 2214 δ’
1496 2151 1711 2216 εἰπεῖν
1738 2144 1913 2216 τόδε.

447 2245 569 2317 τὸν
600 2245 965 2336 ἀνθεμώδη
1004 2253 1285 2336 Τμῶλον
1312 2245 1517 2319 οἶσθ-ά
1544 2275 1682 2318 που
1710 2247 1958 2317 κλύων.

444 2347 602 2437 οἶδ’,
631 2346 704 2432 ὃς
729 2348 805 2419 τὸ
833 2348 1165 2440 Σάρδεων
1193 2347 1363 2420 ἄστυ
1390 2347 1778 2442 περιβάλλει
1806 2347 2055 2443 κύκλῳ.

450 2454 774 2521 ἐντεῦθέν
804 2457 972 2540 εἰμι,
999 2457 1224 2522 Λυδία
1255 2456 1336 2522 δέ
1358 2479 1472 2540 μοι
1501 2459 1755 2540 πατρίς.

446 2553 665 2622 πόθεν
697 2555 774 2625 δὲ
801 2552 1067 2634 τελετὰς
1094 2551 1285 2624 τάσδ’
1318 2550 1502 2640 ἄγεις
1548 2555 1613 2631 ἐς
1643 2550 1957 2635 Ἑλλάδας
2118 2571 2221 2624 465

446 2655 783 2737 Διόνυσος
809 2653 980 2745 ἡμᾶς
1009 2651 1302 2745 εἰσέβησ’
1336 2651 1372 2724 ὁ
1406 2661 1527 2725 τοῦ
1554 2654 1741 2735 Διός.

443 2755 616 2839 Ζεὺς
646 2755 711 2826 δ’
747 2754 871 2828 ἔστ’
904 2760 1048 2828 ἐκεῖ
1076 2785 1207 2846 τις,
1238 2754 1311 2838 ὃς
1338 2759 1537 2838 νέους
1564 2764 1771 2828 τίκτει
1800 2756 2044 2840 θεούς;

450 2855 611 2947 οὔκ,
645 2855 785 2929 ἀλλ’
819 2856 855 2930 ὃ
883 2863 1192 2950 Σεμέλην
1218 2859 1469 2930 ἐνθάδε
1495 2861 1723 2944 ζεύξας
1757 2860 2014 2950 γάμοις.

443 2960 693 3052 πότερα
723 2963 799 3032 δὲ
832 2962 1102 3054 νύκτωρ
1129 2961 1194 3033 σ’
1228 2957 1274 3050 ἦ
1308 2959 1454 3031 κατ’
1488 2959 1635 3052 ὄμμ’
1668 2960 2085 3052 ἠνάγκασενς

448 3060 631 3153 ὁρῶν
659 3059 956 3155 ὁρῶντα,
985 3067 1100 3134 καὶ
1129 3070 1413 3134 δίδωσιν
1440 3061 1658 3154 ὄργια.
2121 3081 2225 3136 470

445 3164 527 3234 τὰ
555 3163 622 3235 δ’
657 3163 822 3256 ὄργι’
860 3169 1000 3236 ἐστὶ
1027 3164 1147 3238 τίν’
1186 3170 1375 3237 ἰδέαν
1404 3168 1638 3255 ἔχοντά
1670 3189 1813 3250 σοις

448 3264 674 3358 ἄρρητ’
707 3265 1218 3358 ἀβακχεύτοισιν
1247 3270 1498 3339 εἰδέναι
1525 3276 1811 3361 βροτῶν.

447 3376 580 3458 ἔχει
610 3367 676 3440 δ’
711 3368 949 3461 ὄνησιν
973 3387 1146 3443 τοῖσι
1173 3372 1471 3443 θύουσιν
1499 3379 1685 3456 τίνας

448 3468 530 3540 ού
558 3476 756 3563 θέμις
784 3471 1077 3546 ἀκοῦσαί
1101 3472 1194 3563 σ’,
1229 3482 1368 3544 ἔστι
1395 3465 1461 3548 δ’
1497 3471 1613 3557 ἄξι’
1649 3475 1917 3543 εἰδέναι.
