2492 3900
307 107 437 170 312

1049 111 1589 170 ΗΡΑΚΛΕΙΔΑΙ

543 277 1024 369 φαεσίμβροτοι
1055 278 1281 367 αὐγαί,
2223 301 2343 358 750

541 376 861 468 ἀγγελίαν
887 410 1001 469 μοι
1031 378 1385 469 ἐνέγκαιτ’,

548 483 858 571 ἰαχήσατε
888 481 953 553 δ’
991 480 1263 573 οὐρανῷ

544 587 654 654 καὶ
684 582 864 675 παρὰ
894 586 1154 674 θρόνον
1181 581 1465 673 άρχέταν

543 695 838 774 γλαυκᾶς
870 687 930 754 τ’
969 688 1044 753 ἐν
1073 687 1377 763 Ἀθάνας.

540 790 758 874 με’λλω
788 796 904 868 τᾶς
931 787 1373 877 πατριώτιδος
1399 795 1540 874 γᾶς,
2229 809 2335 862 755

539 891 758 977 μέλλω
788 892 896 958 καὶ
929 887 1101 976 ὑπὲρ
1133 889 1384 978 δόμων,

545 993 761 1073 ἶκέτας
787 988 1211 1080 ὑποδεχθείς,

546 1100 873 1165 κίνδυνον
900 1101 1110 1186 πολιῷ
1138 1109 1363 1181 τεμεῖν
1390 1093 1665 1186 σιδάρῳ.

547 1194 776 1267 δεινὸν
801 1198 926 1285 μὲν
963 1197 1162 1266 πόλιν
1192 1192 1282 1276 ὥς
1309 1196 1642 1284 Μυκήνας
2061 1195 2201 1266 ἀντ.

549 1295 920 1386 εὐδαίμονα
949 1300 1060 1368 καὶ
1089 1297 1286 1387 δορὸς
2230 1316 2341 1371 760

544 1407 988 1470 πολυαίνετον
1017 1398 1189 1492 ἀλκᾷ

541 1507 748 1588 μῆνιν
775 1505 898 1592 ἐμᾷ
925 1503 1128 1588 χθονὶ
1160 1503 1472 1571 κεύθειν·

545 1601 758 1672 κακὸν
789 1599 882 1690 δ’,
915 1593 970 1670 ὦ
996 1603 1223 1690 πόλις,
1258 1611 1321 1672 εἰ
1344 1606 1575 1687 ξένους

549 1711 818 1794 ἶκτῆρας
845 1704 1335 1795 παραδώσομεν

543 1806 991 1896 κελεύσμασιν
1005 1805 1315 1898 ”Αργους.
2238 1827 2339 1882 765

543 1908 716 1994 Ζεύς
743 1938 858 2001 μοι
886 1910 1263 2001 σύμμαχος,
1293 1907 1376 1982 οὐ
1410 1918 1774 2001 φοβοῦμαι,

543 2012 716 2095 Ζεύς
744 2042 852 2104 μοι
882 2015 1078 2105 χάριν
1108 2018 1389 2095 ἐνδίκως

541 2126 672 2203 ἔχει
691 2140 706 2154 ·
741 2112 985 2186 οὔποτε
1013 2123 1290 2186 θνατῶν

545 2214 796 2305 ἤσσους
822 2220 976 2287 θεοὶ
1006 2222 1037 2263 *
1069 2222 1100 2263 *
1129 2223 1161 2263 *
1191 2224 1222 2263 *
1252 2223 1283 2263 *
1314 2226 1713 2307 φανοῦνται.

541 2315 714 2405 ἀλλ’,
748 2309 804 2386 ὦ
828 2318 1100 2405 πότνια,
1129 2318 1255 2389 σὸν
1280 2319 1407 2410 γὰρ
1436 2312 1641 2402 οὖδας
2052 2346 2203 2411 στρ.
2236 2337 2343 2394 770

541 2427 664 2509 γᾶς
691 2417 816 2489 σὸν
842 2421 955 2490 καὶ
984 2421 1174 2501 πόλις
1192 2474 1211 2509 ,
1243 2412 1321 2503 ἇς
1349 2420 1436 2492 σύ
1464 2424 1678 2512 μάτηρ

541 2522 863 2593 δέσποινά
892 2550 963 2593 τε
991 2526 1104 2593 καὶ
1134 2524 1375 2613 φύλαξ,

543 2623 884 2715 πόρευσον
911 2622 1080 2719 ἄλλᾳ
1107 2626 1227 2696 τὸν
1255 2622 1338 2695 οὐ
1369 2632 1645 2707 δικαίως

538 2724 687 2819 τᾷδ’
723 2728 1052 2815 ἐπάγοντα
1081 2733 1464 2818 δορυσσοῦν

539 2825 828 2917 στρατὸν
858 2826 1218 2917 Ἀργόθεν·
1255 2827 1337 2899 οὐ
1366 2828 1493 2920 γὰρ
1524 2834 1648 2922 ἐμᾷ
1677 2828 1745 2919 γ’
1781 2827 1995 2921 ἀρετᾷ
2229 2846 2339 2901 775

538 2928 795 3009 δίκαιός
823 2926 956 3018 εἰμ’
993 2934 1301 3001 ἐκπεσεῖν
1324 2932 1709 3023 μελάθρων.

535 3034 777 3109 θέσπις
810 3048 914 3097 σοι
949 3035 1380 3112 πολύθυστος
1414 3032 1515 3101 ἀεὶ
2045 3028 2195 3103 άντ.

538 3133 693 3222 τιμὰ
721 3140 1096 3225 κραίνεται,
1127 3133 1291 3206 οὐδὲ
1314 3137 1511 3205 λάθει

537 3244 771 3325 μηνῶν
803 3237 1057 3325 φθινὰς
1085 3234 1317 3327 ἁμέρα,

535 3343 712 3408 νέων
739 3336 799 3407 τ’
835 3338 1057 3407 ἀοιδαὶ
1083 3347 1305 3429 χορῶν
1334 3366 1404 3409 τε
1430 3346 1697 3426 μολπαί.
2224 3354 2329 3409 780

925 3454 1026 3509 770
1045 3481 1116 3489 -
1139 3456 1240 3511 776
1267 3479 1353 3505 =
1382 3456 1481 3510 777
1501 3480 1572 3490 ····
1594 3454 1695 3509 783
