2492 3900
942 176 1358 234 ΙΚΕΤΙΔΕΣ
2014 175 2141 239 409

123 358 278 417 ΑΔ.
359 341 538 435 χαῖρ’
560 366 575 381 ·
606 338 785 425 ἄξιος
811 341 939 431 γὰρ
969 344 1083 411 καὶ
1109 342 1196 411 σύ
1227 344 1342 411 καὶ
1368 339 1560 422 πόλις
1586 344 1813 412 σέθεν.

121 458 276 519 ΘΗ.
359 455 541 517 ἔσται
568 442 717 516 τάδ’
739 466 755 482 ·
785 442 953 514 ἀλλὰ
985 445 1096 512 καὶ
1122 441 1209 512 σύ
1239 451 1376 514 τῶν
1406 440 1633 521 αὐτῶν
1659 444 1900 532 τύχοις.

122 560 271 621 ΛΘ.
353 546 592 634 ἄκουε,
625 553 883 634 Θησεῦ,
913 541 1146 614 τούσδ’
1173 542 1537 632 Ἀθηναίας
1563 545 1824 634 λόγους,

360 646 405 718 ἃ
431 647 558 739 χρή
588 669 664 717 σε
692 653 965 736 δρᾶσαι,
997 652 1267 735 δρῶντα
1296 644 1364 715 δ’
1398 643 1692 734 ὠφελεῖν
1719 647 1898 718 τάδε.

356 748 447 840 μὴ
482 755 614 841 δῷς
643 744 792 817 τάδ’
831 745 994 819 ὀστᾶ
1019 743 1232 817 τοῖσδ’
1268 750 1334 828 ἐς
1354 745 1665 839 Ἀργείαν
1690 744 1909 835 χθόνα
2012 762 2143 818 1185

359 852 592 921 παισὶν
618 857 913 938 κομίζειν
941 851 1192 940 ῥᾳδίως
1221 845 1399 918 οὕτω
1436 856 1700 936 μεθείς,

362 948 511 1022 ἀλλ’
546 950 696 1021 ἀντὶ
724 959 860 1020 τῶν
886 957 1026 1020 σῶν
1052 951 1166 1020 καὶ
1193 949 1452 1031 πόλεως
1479 950 1927 1038 μοχθημάτων

363 1060 629 1143 πρῶτον
658 1048 812 1140 λάβ’
844 1048 1071 1141 ὅρκον.
1125 1050 1325 1120 τόνδε
1352 1048 1421 1120 δ’
1456 1048 1746 1139 ὀμνύναι
1774 1049 1991 1141 χρεων

345 1152 718 1245 ’Ἀδραστον
735 1176 749 1191 ·
786 1144 982 1233 οὗτος
1007 1149 1277 1240 κύριος,
1308 1152 1640 1243 τύραννος
1669 1149 1787 1239 ὧν,

362 1255 576 1343 πάσης
604 1252 775 1344 ὑπὲρ
805 1261 929 1343 γῆς
954 1259 1323 1325 Δαναϊδῶν
1350 1249 1778 1345 ὁρκωμοτεῖν.
2014 1270 2148 1327 1190

365 1354 402 1426 ὁ
432 1352 501 1425 δ’
535 1354 732 1446 ὅρκος
764 1364 979 1444 ἔσται,
1008 1352 1248 1443 μήποτ’
1274 1352 1619 1443 Ἀργείους
1642 1355 1863 1443 χθόνα

366 1465 460 1540 εἰς
486 1454 679 1547 τήνδ’
711 1461 1007 1527 ἐποίσειν
1035 1458 1356 1545 πολέμιον
1382 1465 1793 1543 παντευχίαν

365 1557 589 1630 ἄλλων
614 1556 675 1629 τ’
709 1558 952 1629 ἰόντων
978 1556 1295 1648 ἐμποδῶν
1321 1557 1565 1647 θήσειν
1592 1558 1783 1647 δόρυ.

367 1658 451 1750 ἦν
479 1658 544 1731 δ’
577 1657 782 1750 ὅρκον
809 1660 1189 1739 ἐκλιπόντες
1222 1667 1519 1730 ἔλθωσιν
1545 1660 1765 1747 πόλιν,

364 1770 584 1841 κακῶς
615 1758 894 1832 ὀλέσθαι
921 1758 1285 1851 πρόστρεπ’
1316 1758 1637 1850 Ἀργείων
1670 1760 1908 1849 χθόνα.
2020 1778 2151 1834 1195

364 1867 439 1933 ἐν
468 1854 522 1957 ᾦ
554 1862 629 1931 δὲ
655 1865 922 1952 τέμνειν
950 1862 1206 1949 σφάγια
1233 1862 1359 1952 χρή
1387 1858 1478 1948 σ’,
1508 1858 1718 1931 ἄκουέ
1740 1889 1892 1949 μου.

365 1973 549 2034 ἔστιν
579 1971 856 2053 τρίπους
881 1984 988 2033 σοι
1011 1964 1392 2052 χαλκόπους
1422 1973 1578 2032 εἴσω
1608 1963 1858 2051 δόμων,

370 2061 452 2136 ὃν
471 2063 672 2136 Ἰλίου
699 2061 849 2136 ποτ’
881 2065 1325 2152 ἐξαναστήσας
1352 2064 1579 2153 βάθρα

367 2165 676 2255 σπουδὴν
701 2163 810 2236 ἐπ’
844 2163 1056 2255 ἄλλην
1072 2162 1401 2256 Ἡρακλῆς
1427 2162 1813 2253 ὁρμώμενος

368 2275 612 2356 στῆσαί
632 2265 698 2338 σ’
729 2271 952 2357 ἐφεῖτο
977 2267 1305 2356 Πυθικὴν
1332 2265 1498 2356 πρὸς
1524 2265 1829 2356 ἐσχάραν.
2020 2283 2155 2337 1200

369 2372 444 2439 ἐν
473 2375 647 2462 τῷδε
674 2367 954 2458 λαιμοὺς
981 2386 1160 2460 τρεῖς
1183 2375 1393 2460 τριῶν
1417 2368 1651 2457 μήλων
1676 2365 1895 2456 τεμὼν

369 2476 710 2561 ἔγγραψον
736 2467 983 2561 ὅρκους
1007 2477 1324 2560 τρίποδος
1348 2473 1424 2538 ἐν
1448 2476 1655 2561 κοίλῳ
1682 2469 1890 2556 κύτει,

369 2569 650 2643 κᾶπειτα
676 2572 913 2656 σώζειν
938 2578 1084 2665 θεῷ
1113 2570 1230 2651 δὸς
1259 2561 1314 2662 ᾧ
1338 2577 1636 2658 Δελφῶν
1662 2570 1867 2657 μέλει,

370 2674 658 2762 μνημεῖά
685 2671 761 2742 θ’
794 2670 1019 2764 ὅρκων
1046 2671 1447 2762 μαρτύρημά
1473 2668 1550 2740 θ’
1574 2668 1859 2740 Ἑλλάδι.

369 2764 413 2864 ᾖ
441 2773 507 2844 δ’
541 2771 628 2845 ἂν
657 2777 908 2866 διοίξῃς
936 2778 1193 2864 σφάγια
1220 2782 1336 2843 καὶ
1362 2773 1621 2863 τρώσῃς
1650 2771 1881 2862 φόνον,
2026 2787 2156 2841 1205

371 2873 740 2966 ὀξύστομον
765 2876 1098 2969 μάχαιραν
1127 2882 1193 2957 ἐς
1222 2883 1415 2965 γαίας
1440 2872 1697 2964 μυχοὺς

371 2977 638 3066 κρύψον
667 2977 826 3069 παρ’
863 2975 1071 3058 αὐτὰς
1097 2976 1261 3047 ἑπτὰ
1291 2976 1626 3068 πυρκαιὰς
1654 2981 1949 3064 νεκρῶν·

371 3079 592 3167 φόβον
618 3078 748 3169 γὰρ
783 3077 1015 3159 αὐτοῖς
1033 3130 1053 3166 ,
1082 3075 1170 3167 ἤν
1200 3075 1351 3148 ποτ’
1390 3085 1687 3147 ἔλθωσιν
1716 3077 1938 3163 πόλιν,

372 3186 716 3269 δειχθεῖσα
741 3180 942 3268 θήσει
970 3181 1083 3249 καὶ
1110 3177 1323 3248 κακὸν
1348 3179 1594 3248 νόστον
1626 3178 1850 3248 πάλιν.

369 3283 618 3372 δράσας
651 3282 727 3352 δὲ
753 3289 961 3352 ταῦτα
989 3284 1204 3368 πέμπε
1232 3288 1355 3368 γῆς
1384 3283 1506 3363 ἔξω
1533 3279 1836 3368 νεκρούς.
2028 3293 2161 3347 1210

370 3385 608 3473 τεμένη
637 3381 730 3472 δ’,
761 3381 862 3453 ἵν’
894 3379 1123 3454 αὐτῶν
1150 3379 1420 3470 σώμαθ’
1455 3378 1750 3469 ἡγνίσθη
1777 3385 1965 3468 πυρί,

370 3488 573 3574 μέθες
602 3481 763 3576 παρ’
797 3482 1013 3574 αὐτὴν
1038 3490 1315 3575 τρίοδον
1338 3479 1640 3572 Ἰσθμιάν
1668 3487 1832 3573 θεῷ.
