2492 3900
901 205 1074 263 11111
1072 206 1187 264 ΟΛ
1193 205 1415 263 ΤΓΟΣ
2024 198 2149 263 453

374 378 577 456 πέλας
601 380 897 462 χαλινῶν
923 373 1292 460 εἱπόμεσθα
1318 370 1607 461 δεσπότῃ

375 475 498 565 τὴν
529 473 744 555 εὐθὺς
762 472 1054 564 ’Ἀργους
1085 471 1533 564 κᾶπιδαυρίας
1559 470 1740 544 ὁδόν.

378 580 522 648 ἐπεὶ
550 576 616 647 δ’
651 585 899 667 ἔρημον
924 582 1149 665 χῶρον
1176 575 1666 664 εἰσεβάλλομεν,

375 677 544 768 ἀκτή
567 707 666 759 τις
695 686 832 749 ἔστι
865 675 1265 747 τούπέκεινα
1290 682 1495 765 τῆσδε
1520 684 1641 766 γῆς

375 781 542 870 πρὸς
574 781 824 851 πόντον
852 778 982 869 ἤδη
1008 783 1282 867 κειμένη
1310 777 1730 868 Σαρωνικόν.
2023 800 2153 851 1200

377 890 584 953 ἔνθεν
611 911 709 963 τις
733 878 874 970 ἠχώ
903 879 1176 969 χθόνιος
1207 878 1297 961 ὦς
1324 878 1572 970 βροντὴ
1603 879 1771 962 Διὸς

376 984 598 1075 βαρὺν
626 984 883 1074 βρόμον
908 990 1165 1070 μεθῆκε
1191 981 1503 1071 φρικώδη
1530 982 1796 1051 κλύειν·

377 1085 595 1176 ὀρθὸν
625 1086 700 1155 δὲ
725 1082 916 1175 κρᾶτ’
949 1091 1234 1172 ἔστησαν
1262 1075 1381 1164 οὖς
1407 1080 1469 1153 τ’
1501 1087 1567 1164 ἐς
1594 1080 1891 1171 οὐρανὸν

377 1194 567 1258 ’ἵπποι
584 1209 597 1223 ·
627 1183 788 1276 παρ’
821 1184 982 1274 ἡμῖν
1010 1183 1074 1254 δ’
1107 1177 1196 1274 ἦν
1223 1182 1435 1274 φόβος
1462 1184 1770 1266 νεανικὸς

377 1290 596 1361 πόθεν
623 1286 770 1358 ποτ’
809 1298 912 1375 εἰη
941 1286 1269 1377 φθόγγος.
1302 1294 1396 1366 εἰς
1424 1284 1488 1355 δ’
1520 1283 1932 1376 ἁλιρρόθους
2018 1306 2151 1357 1205
2246 1309 2251 1313 ·

376 1388 576 1471 ἀκτὰς
605 1387 1102 1478 ἀποβλέψαντες
1131 1386 1317 1476 ἱερὸν
1347 1394 1615 1476 εἴδομεν

375 1489 538 1580 κῦμ’
570 1489 841 1585 ουρανῷ
871 1498 1211 1579 στηρίζον,
1242 1487 1401 1559 ωστ’
1440 1488 1754 1581 ἀφῃρέθη

379 1600 770 1684 Σκείρωνος
797 1589 1000 1673 ἄκτας
1025 1620 1204 1681 ομμα
1230 1590 1483 1681 τούμὸν
1520 1599 1821 1680 εἰσορᾶν·

376 1702 663 1785 ἔκρυπτε
691 1692 759 1764 δ’
797 1686 1068 1783 Ἰσθμὸν
1093 1697 1208 1763 καὶ
1232 1696 1484 1781 πέτραν
1513 1690 1933 1781 Ἀσκληπιοῦ.

379 1794 640 1867 κᾶπειτ’
674 1795 1042 1883 ἀνοιδῆσαν
1066 1822 1139 1863 τε
1165 1797 1279 1863 καὶ
1306 1791 1557 1884 πέριξ’
1520 1793 1746 1884 αφρὸν
2027 1809 2155 1861 1210

379 1896 602 1968 πολὺν
625 1897 950 1985 καχλαξον
979 1903 1232 2019 ποντίῳ
1260 1896 1601 1985 φυσήματι

377 2015 589 2092 χωρεῖ
609 1999 778 2091 πρὸς
805 1996 1026 2086 ἀκτάς,
1055 2026 1139 2067 ου
1165 1989 1603 2087 τέθριππος*
1560 2025 1646 2086 ην
1680 2025 1851 2085 οχος.

381 2099 569 2195 αὐτῷ
597 2103 674 2172 δὲ
696 2100 831 2171 σὺν
856 2101 1157 2170 κλύδωνι
1187 2102 1303 2169 καὶ
1329 2107 1647 2190 τρικυμία

379 2201 537 2292 κῦμ’
576 2205 853 2292 ἐξέθηκε
880 2209 1169 2291 ταῦρον,
1207 2202 1446 2295 ᾶγριον
1480 2208 1705 2296 τέρας,

381 2296 467 2375 οὗ
495 2313 672 2375 πᾶσα
697 2305 823 2393 μὲν
845 2303 1038 2393 χθων
1065 2305 1453 2392 φθέγματος
1478 2304 1908 2393 πληρουμένη
2028 2317 2157 2369 1215

383 2413 720 2496 φρικῶδες
747 2402 1253 2494 ᾶντεφθέγγετ’,
1284 2411 1591 2492 εἰσορῶσι
1621 2406 1698 2475 δὲ

381 2523 693 2595 κρεῖσσον
719 2510 941 2595 θέαμα
971 2506 1363 2596 δεργμάτων
1392 2509 1727 2594 ἐφαίνετο.

389 2606 604 2691 εὐθὺς
631 2609 709 2679 δὲ
738 2607 986 2688 πώλοις
1015 2606 1238 2688 δεινὸς
1266 2611 1570 2697 ἐμπίπτει
1600 2608 1842 2695 φόβος·

379 2713 492 2780 καὶ
522 2710 846 2798 δεσπότης
869 2711 994 2798 μὲν
1023 2715 1396 2779 ἱππικοῖσιν
1421 2706 1624 2796 ἤθεσι

384 2812 594 2894 πολὺς
617 2815 952 2895 ξυνοικῶν
982 2807 1232 2901 ἥρπασ’
1265 2807 1460 2898 ἡνίας
1485 2826 1731 2900 χεροῖν,
2027 2825 2161 2878 1220

383 2918 562 2985 ἕλκει
595 2915 670 2984 δὲ
697 2915 934 3003 κώπην
959 2910 1129 2984 ὥστε
1155 2913 1495 3002 ναυβάτης
1526 2911 1696 3003 ἀνὴρ

387 3022 614 3104 ἱμᾶσιν
642 3023 736 3097 εἰς
762 3014 1136 3086 τοῦπισθεν
1163 3013 1452 3107 ἀρτήσας
1478 3020 1681 3104 δέμας
1697 3037 1713 3052 ·

383 3126 462 3188 αἳ
485 3115 553 3189 δ’
583 3121 991 3189 ἐνδακοῦσαι
1018 3118 1255 3207 στόμια
1290 3125 1621 3206 πυριγενῆ
1650 3127 1979 3205 γναθμοῖς

385 3229 504 3312 βία
532 3222 892 3311 φέρουσιν,
921 3218 1070 3292 οὔτι
1104 3220 1493 3309 ναυκλήρου
1520 3219 1711 3308 χερὸς

383 3323 562 3413 [οὔθ’
586 3325 1018 3413 ίπποδέσμων
1045 3320 1202 3393 οὔτε
1229 3329 1573 3409 κολληταῖν
1604 3313 1807 3408 ὄχων]
2033 3329 2163 3383 122⁵

383 3420 977 3516 μεταστρέφουσαι.
1007 3433 1116 3496 κεί
1136 3427 1261 3513 μὲν
1290 3431 1381 3506 εἰς
1420 3423 1501 3492 τὰ
1527 3417 1842 3512 μαλθακὰ

383 3534 578 3616 γαίας
605 3533 775 3614 ἔχων
803 3539 1032 3610 οἴακας
1076 3525 1361 3598 εὐθύνοι
1394 3525 1672 3614 δρόμον,
