2492 3900
723 135 823 186 DE
861 111 1235 186 Ermmms
1273 133 1579 188 mssmo
1877 133 2140 186 xxxvn

153 293 331 348 natus
382 293 489 356 est,
534 284 743 346 foedus
788 303 922 346 cum
952 287 1181 363 Argivis
1224 285 1550 347 ineundum
1596 281 2137 364 commendavit⁷2).

156 370 419 450 denique
464 371 643 430 etiam
686 369 759 429 ad
805 389 901 430 res
947 370 1302 432 domesticas
1355 372 1764 450 privatamque
1817 371 1994 436 vitam
2039 371 2140 432 de-

154 455 417 516 scendit:
480 453 729 515 athletas
784 460 841 513 et
896 453 1223 534 palaestrae
1291 456 1746 515 exercitationes
1811 456 2140 534 impugnat,

156 547 371 600 cantus
418 545 477 598 et
519 537 877 599 chordarum
920 555 1099 599 sonos
1141 537 1217 598 ab
1272 537 1462 617 epulis
1508 547 1568 598 et
1609 539 1890 599 conviviis
1935 540 2142 601 abesse

156 618 403 700 vult⁷³):
447 623 721 700 inprimis
762 639 905 682 vero
950 621 1230 683 mulieres
1286 629 1566 700 tanquam
1613 623 1868 684 nefarias
1913 632 1971 683 et
2011 639 2144 683 sce·

154 706 356 766 lerum
401 705 805 784 quorumlibet
846 706 1302 768 machinatrices
1343 709 1664 768 insectatus
1709 702 1915 784 estu),
1975 709 2144 767 cuius

158 789 283 850 odii
327 807 479 869 quae
524 807 737 851 causae
780 790 1021 860 fuerint,
1067 791 1361 870 suspicari
1405 791 1590 868 magis
1633 789 1775 852 licet
1818 808 1994 870 quam
2039 790 2141 850 de-

159 892 299 935 mon
307 880 499 935 strare
514 869 607 950 ⁷⁵).

290 957 494 1019 Oratio
538 975 655 1037 qua
697 957 1009 1040 Euripides
1050 961 1256 1029 utitur,
1304 967 1370 1021 ut
1411 957 1483 1021 ab
1517 957 1820 1038 Aeschylei
1867 957 2144 1021 cothurni

160 1043 601 1120 magnificentia
646 1051 706 1104 et
750 1041 823 1102 ab
867 1045 1175 1142 ingenioso
1220 1042 1534 1121 Sophoclis
1588 1044 1835 1104 artificio
1879 1042 2143 1122 aliquan·

160 1134 290 1186 tum
350 1126 679 1225 discrepat,
738 1129 819 1186 ita
874 1129 1121 1207 propius
1188 1127 1419 1189 accedit
1472 1127 1545 1189 ad
1607 1132 1915 1187 venustam
1969 1126 2146 1189 Attici

161 1212 455 1278 sermonis
504 1211 861 1298 elegantiam
908 1219 967 1272 et
1022 1210 1438 1274 urbanitatem.
1528 1213 1587 1272 in
1635 1229 1749 1289 qua
1803 1211 2142 1289 principum

162 1286 529 1370 tragicorum
597 1294 937 1356 diversitate
1003 1302 1124 1356 tam
1188 1303 1524 1392 temporum
1589 1293 1804 1374 quibus
1876 1296 2143 1356 vixerunt

162 1379 581 1439 condicionem
638 1396 811 1456 quam
870 1379 1233 1458 peculiarem
1301 1381 1586 1455 cuiusque
1645 1385 1913 1439 naturam
1971 1378 2142 1438 facile

163 1463 497 1540 agnoveris.
586 1463 835 1524 abiecit·
870 1463 1185 1541 Euripides
1252 1460 1540 1541 ampullas
1598 1471 1656 1522 et
1711 1461 2142 1542 sesquipedalia

164 1545 376 1608 verba:
426 1546 755 1607 orationem
800 1547 1026 1608 effinxit
1057 1548 1294 1624 egregie
1338 1552 1742 1626 temperatam,
1793 1565 1944 1624 quae
1989 1549 2142 1608 inter

196 1777 206 1782 -
300 1746 388 1812 72)
426 1746 650 1810 Argivis
687 1750 893 1798 amicos
920 1747 1121 1798 debere
1158 1745 1529 1798 Athenienses
1568 1761 1692 1796 esse
1719 1745 1879 1798 docet
1911 1747 2144 1828 Heracl.

164 1813 267 1866 310
302 1828 443 1878 sqq„
478 1813 547 1863 de
587 1813 877 1891 Spartanis
912 1815 1038 1866 vide
1076 1814 1427 1880 Suppl.18‘1.
1464 1811 1705 1894 Σπάρτη
1741 1809 1847 1892 μὲν
1883 1806 2006 1894 dign)
2046 1811 2144 1866 καὶ

166 1882 536 1933 πεποίκιλται
576 1871 843 1944 τρόπους,
881 1886 1048 1959 atque
1084 1881 1251 1934 Andr.
1290 1884 1415 1932 445:
1454 1867 1496 1932 ὦ
1531 1879 1710 1931 πᾶσιν
1747 1871 2146 1961 ἄνθρωποισιν

166 1944 433 2015 ἔχθιστοι
476 1946 720 2015 βροτῶν,
775 1940 1048 2015 Σπάρτης
1094 1944 1337 2013 ἔνοικοι,
1395 1940 1562 1999 δόλια
1615 1944 1994 2013 βουλευτήρια
2031 1939 2146 2001 κτὲ.

164 2016 625 2075 Andromacham,
661 2020 723 2066 ut
748 2017 811 2068 G.
836 2016 1143 2067 Hermanni
1166 1986 1364 2082 (prae’f
1386 2014 1556 2068 Andr.
1580 2030 1634 2079 p.
1659 2010 1764 2079 XI)
1790 2017 1972 2066 verbis
1997 2020 2146 2077 utar

166 2085 259 2134 vix
286 2083 531 2134 dubitari
566 2088 753 2149 potest
776 2084 909 2148 quin
934 2080 1063 2134 odio
1090 2082 1652 2133 Lacedaemoniorum
1678 2083 1964 2148 scripserit
1989 2082 2146 2133 Euri·

164 2152 355 2216 pides,
403 2152 561 2200 cuius
604 2150 688 2201 rei
734 2166 855 2201 cum
901 2152 1292 2216 apertissimae
1329 2150 1764 2213 vituperationes
1810 2154 1924 2201 tum
1969 2166 2148 2201 mores

166 2221 347 2268 testes
382 2222 512 2267 sunt
546 2218 879 2269 Hermionae
918 2224 973 2268 et
1006 2218 1270 2269 Menelai.
1339 2232 1405 2265 ex
1440 2217 1512 2266 iis
1551 2232 1696 2282 quae
1729 2232 1898 2281 supra
1935 2224 2052 2269 not.
2079 2220 2144 2267 21

166 2285 459 2335 attulimus
484 2289 719 2350 apparet
741 2284 905 2350 Argis
938 2286 1087 2335 hanc
1110 2284 1360 2337 fabulam
1386 2299 1624 2335 scaenae
1652 2286 1996 2336 commissam
2023 2298 2147 2334 esse

164 2368 232 2402 eo
268 2352 521 2409 consilio,
558 2356 621 2400 ut
641 2352 836 2416 Argivi
860 2352 1125 2403 adversus
1152 2352 1460 2429 Spartanos
1484 2356 1846 2404 armarentur.
1912 2360 1968 2404 et
1993 2356 2146 2401 recte

165 2420 275 2469 iam
313 2418 415 2467 alii
448 2418 689 2471 Menelai
722 2420 925 2499 verbis,
964 2414 1081 2471 ἔστι
1115 2412 1223 2497 γάρ
1261 2435 1346 2476 τις
1370 2434 1440 2469 ου
1464 2410 1656 2496 πρόσω
1682 2411 1955 2485 Σπάρτης
1977 2413 2146 2476 πόλις

164 2503 283 2549 τις,
322 2478 362 2549 ἢ
396 2476 508 2548 πρὸ
544 2484 649 2536 τοῦ
684 2480 792 2549 μὲν
826 2472 899 2551 ἦν
923 2486 1095 2552 φίλη,
1134 2484 1243 2538 νῦν
1281 2478 1340 2536 δ’
1366 2479 1554 2552 ἐχθραὶ
1579 2489 1742 2537 ποιεῖ
1758 2484 1932 2550 (733),
1970 2485 2147 2551 Argos

166 2551 477 2618 significari
513 2553 887 2603 coniecerunt.

304 2617 397 2685 73)
434 2619 603 2669 Andr.
643 2622 768 2671 599.
824 2615 1073 2685 δρόμους
1116 2619 1470 2682 παλαίστρας
1525 2609 1580 2667 τ’
1635 2611 1742 2669 οὐκ
1765 2608 2144 2697 α’νασχετοῦς

170 2680 327 2751 ἐμοί,
362 2687 583 2764 quicum
618 2688 689 2737 cf.
724 2688 791 2738 fr.
826 2690 941 2737 284.
977 2688 1121 2741 Med.
1162 2690 1283 2738 190.
1329 2676 1598 2762 σκαιοὺς
1612 2679 1679 2735 δε
1717 2679 1894 2749 λέγων
1929 2674 2144 2735 κούδέν

168 2771 220 2803 τι
276 2746 499 2817 σοφούς
549 2747 685 2811 τοὺς
735 2744 961 2821 πρόσθε
1014 2752 1252 2836 βροτοὺς
1299 2746 1406 2804 οὐκ
1452 2768 1527 2802 αν
1564 2767 1877 2832 αμαρτοις,
1933 2750 2146 2809 οἵτινες

167 2836 387 2900 υμνους
425 2812 521 2871 ἐπὶ
558 2815 667 2885 μὲν
702 2821 946 2899 θαλίαις
981 2812 1083 2873 ἐπί
1112 2816 1165 2872 τ’
1194 2816 1522 2879 εἰλαπίναις
1547 2816 1649 2870 καὶ
1684 2814 1840 2885 παροὶ
1880 2817 2144 2877 δείπνοις

167 2878 421 2953 ηυροντο
456 2885 589 2951 βίου
625 2882 871 2955 τερπνὰς
908 2881 1091 2947 ἀκοας
1126 2880 1242 2939 κτὲ.

301 2958 393 3019 74)
428 2955 533 3005 Rei
577 2958 751 3007 testes
788 2956 1033 3021 singulas
1082 2956 1201 3005 fere
1246 2956 1418 3005 habes
1465 2958 1591 3020 trag
1595 2952 1804 3005 cedias.
1877 2952 2032 3015 vide,
2081 2957 2148 3003 ut

168 3036 349 3086 pauca
396 3021 731 3086 delibemus,
786 3023 853 3073 fr.
890 3025 991 3074 432
1029 3024 1160 3074 1045
1194 3022 1339 3073 Med.
1373 3025 1504 3083 406,
1557 3022 1756 3087 quibus
1800 3020 1944 3071 adde
1993 3020 2144 3086 pium

170 3088 501 3139 desiderium
538 3090 705 3154 Hipp.
742 3092 997 3139 616-24
1034 3090 1364 3155 expositum.

302 3154 391 3221 75)
452 3154 751 3221 Corruptos
809 3157 983 3207 fuisse
1042 3157 1328 3207 mulierum
1378 3154 1686 3205 Atticarum
1741 3170 1919 3206 mores
1979 3154 2144 3204 docet

166 3223 571 3288 Aristophanes
618 3239 739 3275 cum
784 3225 923 3275 alibi
966 3229 1081 3273 tum
1124 3226 1183 3274 in
1227 3224 1840 3289 Thesmophoriazusis.
1886 3221 1987 3273 sed
2033 3222 2144 3285 pri-

168 3292 401 3341 mariam
424 3304 666 3352 causam,
702 3306 800 3341 cur
822 3291 1110 3342 mulierum
1134 3306 1261 3341 osor
1294 3290 1592 3355 Euripides
1630 3290 1817 3350 fuerit,
1858 3304 1925 3339 ex
1961 3289 2142 3351 ipsius

168 3362 368 3421 poetae
404 3358 634 3421 ingenio
672 3372 862 3409 severo
889 3365 943 3410 et
981 3374 1193 3409 moroso
1218 3358 1579 3423 repetendam
1604 3359 1854 3408 arbitror.
1916 3354 2140 3404 minime

170 3424 463 3475 credibilia
500 3424 761 3476 videntur
797 3440 937 3489 quae
976 3426 1045 3475 de
1083 3425 1390 3477 Choerinae
1426 3425 1657 3491 perfidia
1697 3431 1752 3475 et
1787 3422 2141 3496 impudicitia

164 3495 407 3551 veteres
426 3494 719 3543 commenti
756 3498 901 3543 sunt.
