2492 3900
100 2266 230 2325 ΕΡ.

104 2367 236 2427 οΡ.

97 2469 231 2529 ΕΡ.

103 2570 236 2630 οΡ.

97 2673 230 2734 ΕΡ.

102 2774 234 2835 οΡ.

6 2913 8 2920 ·
96 2876 230 2937 ΕΡ.

100 2978 235 3039 οΡ.

95 3079 228 3142 ΕΡ.

8 3151 11 3266 J
102 3181 233 3243 οΡ

7 3277 18 3366 ῥ
95 3284 228 3345 ΕΡ.

100 3387 231 3447 οΡ.

100 3490 225 3550 ΕΡ.

863 162 922 217 Α
930 162 1417 222 ΝΔΡΟΜΑΧΗ
2047 167 2129 234 75

349 324 703 415 γυναικός,
735 333 798 395 εἰ
821 334 896 419 ζῇ
921 325 1345 418 κεύτυχοῦσα
1371 333 1685 421 τυγχάνει

350 424 394 516 ἡ
423 435 839 557 Σπαρτιᾶτις
853 426 1198 551 Ἑρμιόνη·
1228 434 1523 523 τηλουρᾶ
1548 436 1679 526 γὰρ

346 525 614 599 ναίουσ’
646 526 782 618 ἀφ’
803 527 998 619 ἡμῶν
1021 530 1277 602 πεδί’”
1236 560 1417 623 ομως
1444 538 1625 607 ἐστὶν
1652 544 1839 628 φίλη.
2024 557 2129 615 890

347 658 400 699 ω
426 636 803 701 ναυτίλοισι
830 639 1136 721 χείματος
1163 635 1369 724 λιμὴν
1401 641 1641 726 φανεὶς

339 729 828 821 Ἀγαμέμνονος
852 750 1004 823 παῖ,
1034 737 1201 828 πρός
1225 762 1304 809 σε
1329 745 1545 810 τῶνδε
1569 741 1942 830 γουνάτων,

347 844 682 924 οἴκτειρον
710 832 882 924 ἡμᾶς
915 864 1014 907 ων
1043 842 1425 923 ἐπισκοπεῖς
1450 842 1672 931 τύχας,

345 935 764 1026 πράσσοντας
793 936 919 1008 οὐκ
950 966 1049 1009 ευ.
1079 942 1471 1029 στεμμάτων
1500 941 1567 1012 δ’
1600 940 1726 1033 οὐχ
1757 942 2041 1034 ἥσσονας

343 1051 482 1121 σοῖς
512 1046 924 1129 προστίθημι
952 1041 1240 1127 γόνασιν
1271 1039 1525 1125 ωλένας
1552 1045 1731 1133 ἐμάς.
2020 1064 2124 1119 895

348 1144 424 1208 §a
443 1162 458 1176 ·

343 1247 414 1310 τί
435 1248 691 1330 χρῆμα;
720 1249 869 1330 μαῖν
899 1243 1276 1333 ἐσφάλμεθ’
1308 1242 1355 1334 ἦ
1382 1253 1615 1334 σαφῶς
1642 1243 1781 1338 ὁρῶ

343 1342 574 1430 δόμων
603 1340 906 1415 ἄνασσαν
931 1346 1135 1433 τήνδε
1161 1350 1485 1417 Μενέλεω
1514 1348 1760 1438 κόρην,
1743 1380 1759 1397 ·

337 1440 551 1535 ἥνπερ
580 1446 798 1535 μόνην
824 1473 903 1535 γε
938 1452 1276 1540 Τυνδαρὶς
1304 1456 1513 1519 τίκτει
1543 1449 1717 1537 γυνὴ

330 1542 557 1635 Ἑλένη
585 1545 732 1619 κατ’
768 1558 996 1631 οἴκους
1027 1559 1261 1673 πατρί·
1294 1548 1569 1640 μηδὲν’
1532 1552 1785 1641 αγνόει.

337 1674 390 1715 ω
420 1647 613 1737 Φοῖβ’
643 1647 939 1743 ἄκὲστωρ
955 1705 976 1741 ,
1008 1650 1333 1742 πημάτων
1360 1658 1548 1743 δοίης
1574 1654 1791 1725 λυσιν.
2013 1671 2120 1725 900

334 1756 408 1819 τί
424 1758 679 1841 χρῆμας
707 1751 875 1843 πρὸς
901 1761 1090 1823 θεῶν
1117 1782 1160 1843 η
1190 1762 1457 1845 βροτῶν
1483 1756 1755 1843 πάσχεις
1783 1756 1990 1839 κακά,
1974 1787 1989 1802 ·

327 1850 409 1919 τὰ
436 1852 562 1940 μὲν
589 1852 756 1942 πρὸς
781 1850 1005 1942 ημῶν,
1036 1882 1118 1924 τα
1146 1856 1223 1925 δὲ
1249 1855 1417 1946 πρὸς
1446 1854 1772 1946 &nepas-⁹
1734 1885 1807 1938 ος
1845 1855 1917 1946 μ’
1964 1864 2114 1944 ἔχει,

335 1951 416 2022 τὰ
449 1953 514 2022 δ’
549 1957 624 2023 ἐκ
652 1962 840 2024 θεῶν
866 1979 1018 2025 του·
1050 1964 1351 2046 πανταχῇ
1378 1955 1444 2026 δ’
1479 1954 1845 2045 ὀλωλαμεν.

328 2062 432 2136 τίς
461 2081 591 2124 ουν
620 2082 706 2124 αν
736 2064 839 2143 εἴη
865 2053 955 2144 μὴ
986 2057 1393 2145 πεφυκότων
1420 2060 1502 2146 γέ
1525 2084 1629 2128 πω

333 2161 598 2227 παίδων
624 2159 900 2246 γυναικὶ
927 2157 1247 2249 συμφορα
1275 2158 1451 2247 πλὴν
1480 2167 1575 2240 εἰς
1600 2162 1824 2248 λέχος;
2011 2178 2115 2233 905

329 2257 514 2328 τοῦτ’
548 2256 714 2329 αυτὸ
744 2260 859 2328 καὶ
886 2269 1220 2350 νοσοῦμεν
1234 2283 1252 2298 ·
1286 2253 1366 2331 εὖ
1392 2259 1465 2350 μ’
1496 2259 1876 2352 υπηγάγου.

329 2356 542 2448 ἄλλην
572 2359 703 2432 τιν’
738 2358 950 2451 εὐνὴν
975 2359 1127 2433 ἀντὶ
1158 2371 1286 2433 σοῦ
1313 2366 1576 2454 στέργει
1604 2365 1833 2448 πόσις;

330 2461 456 2550 τὴν
484 2463 902 2552 αἰχμάλωτον
921 2459 1236 2556 Ἕκτορος
1263 2468 1674 2548 ξυνευνέτιν.

332 2564 544 2634 κακόν
570 2562 636 2654 γ’
668 2568 925 2654 ἔλεξας,
957 2564 1174 2656 ἄνδρα
1202 2562 1381 2636 δίσσ’
1424 2573 1602 2654 ἔχειν
1630 2568 1806 2655 λέχη.

329 2671 604 2735 τοιαῦτα
629 2673 865 2737 ταῦτα·
895 2659 1044 2759 κᾷτ’
1078 2665 1280 2756 ἔγωγ’
1312 2664 1693 2757 ἠμυνάμην.
2011 2685 2113 2739 910

328 2774 476 2855 μῶν
507 2774 600 2850 εἰς
625 2765 884 2857 γυναῖκ’
918 2776 1214 2860 ἔρραψας
1239 2764 1351 2838 οἷα
1377 2767 1462 2857 δὴ
1490 2767 1670 2858 γυνή
1684 2801 1701 2853 3

333 2869 550 2958 φόνον
579 2867 647 2958 γ’
681 2874 908 2962 ἐκείνῃ
937 2874 1050 2942 καὶ
1077 2874 1291 2965 τέκνῳ
1317 2882 1699 2960 νοθαγενεῖ.

323 2968 710 3061 κᾶκτεινας,
741 2969 785 3061 ἤ
817 3000 917 3054 τις
942 2975 1262 3066 συμφορά
1300 2971 1365 3044 σ’
1404 2971 1750 3061 ἀφείλετο;

325 3075 546 3163 γέρων
575 3102 652 3162 γε
679 3073 949 3164 Πηλεὺς
975 3075 1132 3157 τοὺς
1158 3082 1481 3156 κακίονας
1511 3079 1751 3165 σέβων.

325 3177 434 3245 σοὶ
460 3174 526 3246 δ’
558 3167 646 3265 ἦν
672 3205 772 3258 τις
802 3173 983 3258 ὅστις
1008 3176 1202 3248 τοῦδ’
1236 3177 1583 3249 ἐκοινώνει
1611 3177 1866 3265 φόνους
2008 3192 2109 3247 915

328 3279 542 3369 πατήρ
571 3276 638 3368 γ’
673 3275 780 3349 ἐπ’
814 3275 979 3349 αὐτὸ
1013 3277 1197 3348 τοῦτ’
1231 3277 1364 3350 ἀπὸ
1390 3279 1707 3369 Σπάρτης
1733 3276 1979 3366 μολόν.

321 3375 606 3450 κᾶπειτα
633 3388 756 3452 τοῦ
782 3382 1096 3469 γέροντος
1122 3378 1391 3470 ἡσσήθη
1417 3389 1569 3471 χερί
1579 3413 1598 3466 3

324 3487 512 3552 αἰδοῖ
533 3505 641 3572 γε·
671 3489 794 3553 καί
810 3479 884 3571 μ’
916 3489 1166 3572 ἔρημον
1192 3494 1438 3571 οἴχεται
1467 3483 1705 3552 λιπών.
