2492 3900
1127 160 1425 218 EKABH
2158 158 2281 224 141

499 329 699 411 αὐτὸς
727 330 802 401 δὲ
828 336 1037 421 βωμῷ
1065 326 1230 417 πρὸς
1259 329 1614 421 θεοδμήτῳ
1641 335 1860 399 πίτνει

497 435 784 523 σφαγεὶς
801 429 1146 519 Ἀχιλλέως
1174 430 1413 512 παιδὸς
1438 433 1513 500 ἐκ
1539 430 1927 520 μιαιφόνου,

494 544 741 605 κτείνει
767 562 852 621 με
875 540 1134 625 χρυσοῦ
1161 530 1283 601 τὸν
1309 539 1737 624 ταλαίπωρον
1763 534 1959 623 χάριν
2213 554 2281 607 25

495 641 683 721 ξένος
708 644 1015 729 πατρῷος
1045 636 1159 704 καὶ
1187 633 1455 705 κτανών
1482 639 1550 716 ἐς
1576 633 1758 723 οἶδμ’
1790 632 1949 718 ἁλὸς

497 736 768 828 μεθῆχ’,
802 736 895 808 ἵν’
932 734 1134 818 αὐτὸς
1161 734 1419 827 χρυσὸν
1446 741 1521 807 ἐν
1553 737 1780 826 δόμοις
1808 744 1944 828 ἔχῃ.

499 859 721 930 κεῖμαι
751 838 818 911 δ’
851 838 958 911 ἐπ’
989 836 1252 927 ἀκταῖς,
1294 836 1519 909 ἄλλοτ’
1554 842 1627 909 ἐν
1654 840 1909 911 πόντου
1935 841 2116 934 σάλω

500 953 768 1025 πολλοῖς
796 942 1100 1023 διαύλοις
1126 942 1443 1029 κυμάτων
1473 942 1916 1031 φορούμενος,

499 1044 939 1137 ακλαυστος”
896 1068 1182 1149 αταφος·
1222 1051 1357 1113 νῦν
1384 1043 1449 1113 δ’
1483 1040 1654 1133 ὑπὲρ
1682 1043 1931 1134 μητρὸς
1960 1053 2161 1133 φίλης
2214 1064 2283 1117 30

491 1144 766 1237 Εκάβης·
791 1130 1038 1236 αίσσω,
1067 1143 1238 1235 σῶμ’
1271 1144 1618 1235 ἐρημώσας
1644 1147 1826 1236 έμόν,

499 1267 794 1343 τριταῖον
823 1247 953 1339 ἤδη
983 1252 1231 1339 φέγγος
1263 1246 1740 1338 αἰωρούμενος,

499 1350 787 1444 οσονπερ
817 1356 891 1423 ἐν
919 1359 1007 1442 γῇ
1032 1358 1193 1441 τῇδε
1219 1358 1643 1444 Χερσονησίᾳ

499 1455 712 1545 μήτηρ
743 1454 865 1544 ἐμὴ
895 1452 1226 1543 δύστηνος
1258 1456 1332 1523 ἐκ
1371 1460 1615 1544 Τροίας
1642 1454 1841 1544 πάρα.

500 1558 743 1638 πάντες
776 1554 840 1628 δ’
869 1554 1122 1646 Ἀχαιοὶ
1147 1564 1317 1639 ναῦς
1346 1564 1609 1644 ἔχοντες
1635 1552 1872 1645 ἥσυχοι
2215 1576 2281 1629 35

497 1658 828 1730 θάσσουσ’
863 1658 970 1729 ἐπ’
1005 1657 1233 1740 ἀκταῖς
1261 1664 1463 1747 τῆσδε
1496 1666 1790 1748 Θρῃκίας
1817 1659 2097 1746 χθονός·

501 1758 537 1832 ὃ
563 1765 841 1850 Πηλέως
867 1759 995 1853 γὰρ
1024 1776 1178 1843 παῖς
1210 1757 1383 1850 ὑπὲρ
1412 1760 1673 1850 τύμβου
1705 1763 1943 1849 φανεὶς

501 1861 760 1954 κατέσχ’
791 1861 1130 1954 Ἀχιλλεὺς
1159 1869 1295 1934 πᾶν
1322 1861 1681 1955 στράτευμ’
1704 1860 2113 1953 Ἑλληνικόν,

500 1965 667 2058 πρὸς
694 1965 879 2038 οἷκον
908 1965 1333 2048 εὐθύνοντας
1362 1969 1637 2036 ἐναλίαν
1664 1966 1921 2054 πλάτην
1938 1991 1952 2004 ·

501 2077 676 2140 αἰτεῖ
697 2067 762 2139 δ’
799 2069 1104 2158 ἀδελφὴν
1134 2066 1261 2157 τὴν
1290 2067 1457 2157 ἐμὴν
1482 2070 1876 2155 Πολυξένην
2218 2089 2285 2140 40

501 2173 731 2265 τύμβῳ
761 2180 965 2261 φίλον
993 2172 1405 2261 πρόσφαγμα
1432 2174 1544 2241 καὶ
1573 2173 1770 2261 γέρας
1797 2179 2050 2259 λαβεῖν.

501 2277 614 2343 καὶ
639 2274 936 2358 τεύξεται
968 2272 1159 2344 τοῦδ’
1192 2271 1350 2344 οὐδ’
1384 2273 1726 2365 ἀδώρητος
1758 2281 1980 2362 φίλων

502 2382 682 2446 ἔσται
709 2375 875 2463 πρὸς
903 2373 1204 2468 ἀνδρῶν·
1241 2373 1284 2465 ἡ
1314 2378 1716 2467 πεπρωμένη
1748 2373 1811 2445 δ’
1846 2373 1993 2463 άγει

500 2488 743 2548 θανεῖν
774 2476 1081 2569 ἀδελφὴν
1108 2477 1270 2572 τῷδ’
1306 2478 1472 2567 ε’μὴν
1501 2482 1575 2548 ἐν
1604 2476 1823 2566 ἤματι.

500 2587 696 2651 δυοῖν
724 2582 802 2651 δὲ
826 2588 1099 2652 παίδοιν
1127 2581 1253 2651 δύο
1283 2580 1503 2670 νεκρὼ
1532 2579 1887 2662 κατόψεται
2220 2599 2283 2650 45

500 2683 749 2773 μήτηρ,
780 2687 946 2772 ἐμοῦ
973 2711 1044 2754 τε
1072 2691 1187 2773 τῆς
1215 2710 1289 2753 τε
1320 2682 1658 2770 δυστήνου
1686 2681 1911 2770 κόρης.

503 2782 888 2874 φανήσομαι
918 2786 1045 2876 γάρ
1063 2838 1082 2875 ,
1114 2783 1204 2866 ὥς
1228 2784 1453 2874 τάφου
1484 2784 1753 2874 τλήμων
1780 2783 1978 2871 τύχω,

503 2887 750 2976 δούλης
778 2893 1008 2958 ποδῶν
1036 2885 1373 2979 πάροιθεν
1400 2892 1476 2958 έν
1503 2893 1878 2979 κλυδωνίω.

500 2987 658 3070 τούς
686 2988 815 3079 γὰρ
845 2990 1022 3061 κάτω
1051 2994 1423 3073 σθένοντας
1452 2991 1864 3081 ἐξῃτησάμην

501 3090 764 3180 τύμβου
793 3099 1082 3184 κυρῆσαι
1113 3101 1253 3175 κείς
1282 3095 1480 3186 χέρας
1502 3092 1753 3184 μητρὸς
1782 3108 2032 3161 πεσεῖν.
2220 3110 2287 3162 50

499 3191 754 3284 τουμὸν
780 3195 908 3285 μὲν
933 3223 1063 3265 ουν
1091 3219 1381 3286 οσονπερ
1409 3193 1667 3285 ἤθελον
1694 3211 1921 3285 τυχεῖν

500 3301 714 3367 ἔσται·
753 3324 994 3390 γεραια
1021 3295 1089 3368 δ’
1124 3296 1431 3369 ἐκποδων
1460 3299 1845 3390 χωρήσομαι

491 3392 733 3490 Ἑκάβῃ
751 3422 765 3436 ·
807 3406 981 3492 περᾷ
1005 3399 1136 3491 γὰρ
1165 3397 1275 3490 ἥδ’
1308 3397 1442 3472 ὑπὸ
1472 3409 1722 3490 σκηνῆς
1750 3402 1925 3474 πόδα

490 3497 1007 3592 Ἀγαμέμνονος,
1040 3503 1395 3593 φάντασμα
1425 3501 1846 3594 δειμαίνουσ’
1880 3503 2062 3591 ἐμόν.
