2492 3900
345 154 468 219 144
1225 154 1523 211 EKABH

571 318 656 414 ἦν
687 326 762 395 δὲ
790 322 862 394 τὸ
893 322 1018 412 μὲν
1044 321 1170 392 σὸν
1197 322 1515 393 σπεύδων
1542 315 1811 411 ἀγαθὸν
2034 396 2047 401 ,
2266 348 2361 400 120

563 435 679 517 τῆς
705 426 1122 515 μαντιπόλου
1149 425 1411 513 Βάκχης
1440 420 1699 512 ἀνέχων

573 526 795 618 λέκτρ’
820 528 1255 617 Ἀγαμέμνων
1273 550 1288 563 ·

572 630 661 702 τῶ
694 636 986 720 Θησείδα
1016 627 1109 717 δ’,
1143 626 1268 712 ὄζω
1293 628 1627 717 Ἀθηνῶν,

573 741 826 804 δισσῶν
852 732 1101 821 μύθων
1132 732 1409 822 ῥήτορες
1434 722 1608 819 ἦσαν
1624 754 1638 769 ·

571 837 804 926 γνώμῃ
835 835 911 905 δὲ
937 843 1057 926 μιᾷ
1085 841 1604 924 συνεχωρείτην,
2266 855 2356 908 125

539 1002 546 1013 .
571 938 689 1008 τὸν
701 935 1068 1026 Ἀχίλλειον
1093 936 1356 1026 τύμβον
1384 942 1768 1024 στεφανοῦν

571 1046 796 1130 αἵματι
825 1045 1094 1132 χλωρῷ,
1123 1037 1204 1108 τὰ
1233 1039 1310 1108 δὲ
1337 1039 1739 1127 Κασάνδρας

570 1141 791 1233 λέκτρ’
825 1141 950 1212 οὐκ
982 1141 1237 1229 ἐφάτην
1264 1149 1380 1230 τῆς
1400 1138 1721 1229 Ἀχιλείας

574 1246 880 1337 πρόσθεν
906 1244 1150 1331 θήσειν
1179 1244 1338 1313 ποτὲ
1365 1244 1625 1331 λόγχης.

569 1350 862 1418 σπουδαὶ
891 1348 968 1417 δὲ
994 1345 1216 1435 λόγων
1243 1348 1821 1435 κατατεινομένων
1887 1423 1892 1428 ,
2262 1366 2360 1420 130

573 1442 745 1538 ἦσαν
780 1460 920 1519 ἴσαι
949 1475 1122 1535 πως,
1155 1451 1319 1537 πρὶν
1348 1445 1383 1518 ὁ
1414 1448 1881 1537 ποικιλόφρων

570 1552 762 1633 κόπις
789 1548 1123 1639 ἡδυλόγος
1149 1550 1634 1640 δημοχαριστὴς

569 1653 984 1743 Λαερτιάδης
1012 1659 1238 1723 πείθει
1269 1652 1589 1742 στρατιὰν

572 1754 661 1845 μὴ
690 1754 810 1827 τὸν
845 1752 1119 1845 ἄριστον
1149 1762 1449 1825 Δαναῶν
1478 1756 1751 1826 πάντων

572 1859 840 1929 δούλων
867 1864 1180 1946 σφαγίων
1221 1856 1424 1927 εἵνεκ’
1470 1854 1797 1945 ἀπωθεῖν,
2263 1878 2358 1931 135

573 1965 748 2052 μηδέ
772 1959 904 2032 τιν’
939 1969 1154 2031 εἰπεῖν
1183 1959 1365 2050 παρὰ
1390 1960 1797 2052 Περσεφόνῃ

573 2065 820 2135 στάντα
849 2067 1207 2153 φθιμένων

577 2164 666 2248 ῶς
693 2162 1036 2255 ἀχάριστοι
1064 2168 1326 2235 Δαναοὶ
1352 2174 1650 2260 Δαναοῖς

571 2283 710 2348 τοῖς
737 2269 1107 2355 οίχομένοις
1135 2262 1309 2355 ὑπὲρ
1328 2263 1665 2354 Ἑλλήνων

580 2374 821 2457 Τροίας
850 2373 1106 2437 πεδίων
1136 2365 1502 2457 ἀπέβησαν.
2262 2392 2361 2442 240
2491 2379 2492 2382 ’

569 2468 711 2561 ἥξει
739 2469 805 2540 δ’
832 2467 1154 2552 Ὀδυσεὺς
1181 2467 1345 2540 ὅσον
1374 2468 1500 2541 οὐκ
1527 2468 1677 2559 ἤδη,

571 2581 801 2645 πῶλον
829 2570 1138 2663 ἆφέλξων
1166 2581 1307 2644 σῶν
1335 2570 1465 2643 άπὸ
1494 2580 1765 2661 μαστῶν

572 2685 644 2748 ἔκ
673 2705 746 2747 τε
771 2683 1044 2767 γεραιᾶς
1070 2674 1263 2765 χερὸς
1290 2673 1623 2766 ὁρμήσων.

569 2775 719 2848 ἄλλ’
754 2789 859 2846 ἴθι
887 2777 1128 2864 ναούς,
1161 2788 1267 2847 ἴθι
1294 2778 1463 2868 πρὸς
1492 2778 1783 2868 βωμούς,

571 2877 651 2964 ἵζ’
681 2876 1169 2968 Ἀγαμέμνονος
1201 2881 1402 2961 ἱκέτις
1429 2880 1757 2970 γονάτων,
2260 2901 2366 2954 145
2474 2903 2491 2924 “

570 2981 867 3072 κήρυσσε
897 2979 1107 3062 θεοὺς
1134 2981 1295 3062 τούς
1321 2979 1381 3052 τ’
1417 2981 1783 3074 οὐρανίδαις

569 3083 728 3164 τούς
758 3080 835 3153 θ’
870 3079 1004 3155 ὑπὸ
1037 3099 1258 3172 γαῖαν.

571 3181 617 3273 ἦ
647 3186 774 3275 γάρ
804 3206 880 3257 σε
905 3189 1083 3256 λιταὶ
1111 3187 1606 3260 διακωλύσουσ’

571 3285 880 3378 ὀρφανὸν
910 3288 1083 3358 εἶναι
1111 3287 1352 3371 παιδὸς
1378 3294 1635 3380 μελέας,

569 3384 613 3477 ἦ
643 3395 754 3460 δεῖ
776 3387 842 3460 σ’
876 3396 1134 3461 ἐπιδεῖν
1162 3391 1421 3481 τύμβου
1451 3399 1749 3483 προπετῆ
2262 3410 2373 3464 150
2480 3337 2491 3547 ἶ

566 3495 1088 3582 φοινισσομένην
1115 3499 1342 3582 αἵματι
1371 3497 1718 3585 παρθένον
