2492 3900
243 118 328 183 70

244 498 385 563 XO.

235 690 399 763 ME.

947 120 1501 180 ΑΝΔΡΟΜΑΧΗ

471 304 607 369 τοῖς
637 286 1088 377 Σπαρτιάταις
1116 288 1276 369 δόξα
1303 289 1415 356 καὶ
1440 286 1649 374 μάχης
1678 284 1885 374 ἀγών,
2150 308 2259 365 ‘125

471 387 660 459 τᾶλλ’
694 387 882 469 ὄντες
911 398 1050 458 ἴστε
1075 387 1363 477 μηδενὸς
1391 394 1747 477 βελτίονες.

470 489 824 580 ἀνειμένον
849 519 913 560 τι
941 497 1158 580 χρῆμα
1187 496 1587 578 πρεσβυτῶν
1612 496 1806 578 γένος

473 596 586 662 καὶ
616 593 1094 681 δυσφύλακτον
1128 588 1503 679 ὄξυθυμίας
1530 588 1684 661 ὕπο.

474 692 648 782 ἄγαν
673 692 1032 786 προνωπὴς
1062 700 1154 773 εἰς
1186 692 1262 763 τὸ
1292 698 1629 781 λοιδορεῖν
1657 696 1848 783 φέρει
1872 718 1886 732 ·

475 797 606 883 ἐγώ
635 797 713 866 δὲ
739 794 906 885 πρὸς
934 802 1092 885 βίαν
1118 796 1242 882 μὲν
1272 801 1366 876 εἰς
1394 802 1624 864 Φθίαν
1649 793 1877 883 μολῶν
2150 814 2256 871 730

473 895 620 967 οὔτ’
654 889 782 968 οὖν
810 926 873 967 τι
902 897 1128 986 δράσω
1159 904 1471 986 φλαῦρον
1502 892 1660 966 οὔτε
1688 904 2016 985 πείσομαι.

471 1002 585 1069 καὶ
611 1007 744 1069 νῦν
773 1002 931 1087 μέν,
967 996 1049 1068 ού
1090 997 1217 1088 γὰρ
1247 995 1563 1086 ἄφθονον
1589 998 1836 1087 σχολὴν
1864 1006 2011 1089 ἔχω,

473 1099 700 1190 ἄπειμ’
735 1106 800 1181 ἐς
831 1112 1089 1181 οἴκους·
1125 1107 1263 1169 ἔστι
1285 1100 1412 1189 γάρ
1442 1126 1540 1181 τις
1568 1096 1652 1169 οὐ
1680 1101 1909 1189 πρόσω

473 1204 791 1292 Σπάρτης
819 1204 1010 1282 πόλις
1037 1229 1163 1288 τις,
1193 1198 1238 1289 ἢ
1265 1200 1395 1292 πρὸ
1424 1208 1547 1271 τοῦ
1577 1202 1703 1289 μὲν
1731 1194 1818 1290 ἦν
1847 1211 2031 1292 φίλη,

476 1312 610 1374 νῦν
638 1302 707 1374 δ’
741 1303 951 1393 ἐχθρὰ
981 1319 1189 1373 ποιεῖ·
1222 1298 1414 1390 τήνδ’
1448 1307 1833 1386 ἐπεξελθεῖν
1860 1309 2043 1375 θέλω
2148 1324 2250 1379 735

473 1407 1004 1495 στρατηλατήσας
1030 1402 1457 1493 χὺποχείριον
1485 1413 1739 1493 λαβεῖν.

475 1504 636 1577 ὅταν
664 1508 740 1577 δὲ
767 1504 958 1576 τάκεῖ
980 1515 1088 1577 θῶ
1119 1505 1286 1575 κατὰ
1312 1506 1589 1595 γνῶμην
1617 1508 1801 1596 έμήν,

474 1605 607 1696 ἥξω
624 1631 639 1646 ·
671 1607 908 1698 παρών
936 1608 1012 1677 δὲ
1039 1607 1205 1697 πρὸς
1233 1608 1569 1697 παρόντας
1607 1613 1920 1699 ἐμφανῶς

476 1708 820 1798 γαμβροὺς
848 1710 1094 1793 διδάξω
1126 1712 1251 1794 καὶ,
1267 1710 1613 1801 διδάξομαι
1643 1709 1907 1799 λόγους.

474 1806 605 1881 κάν
629 1813 753 1900 μὲν
780 1814 1018 1903 κολάζῃ
1045 1812 1246 1901 τήνδε
1274 1815 1387 1881 καὶ
1415 1810 1488 1881 τὸ
1518 1812 1755 1882 λοιπὸν
1782 1805 1826 1903 ᾖ
2147 1829 2251 1886 740

475 1914 772 2006 σώφρων
808 1912 968 1986 καθ’
1003 1910 1200 2004 ἡμᾶς,
1236 1911 1541 2004 σώφρον’
1574 1912 2027 2004 ἀντιλήψεται.

473 2016 906 2107 θυμούμενος
933 2018 1010 2088 δὲ
1037 2018 1333 2100 τεύξεται
1360 2021 1835 2105 θυμουμένων,

476 2124 731 2207 ἔργοισι
760 2117 826 2189 δ’
860 2127 1022 2209 ἔργα
1051 2118 1313 2208 διάδοχ’
1346 2117 1795 2208 ἀντιλήψεται.

471 2219 629 2300 τοὺς
657 2221 818 2302 σοὺς
845 2221 921 2290 δὲ
947 2222 1214 2310 μύθους
1243 2226 1492 2312 ῥᾳδίως
1520 2220 1649 2309 ἐγώ
1680 2224 1867 2312 φέρω
1885 2245 1899 2260 ·

473 2329 628 2411 σκιᾷ
656 2321 785 2411 γὰρ
816 2321 1223 2410 ἀντίστοιχος
1253 2318 1349 2393 ῶν
1378 2322 1618 2413 φωνὴν
1647 2331 1835 2412 ἔχεις,
2142 2340 2248 2397 745

470 2418 799 2505 ἀδύνατος
824 2422 1028 2495 οὐδὲν
1055 2421 1216 2494 ἄλλο
1243 2426 1420 2515 πλὴν
1447 2429 1668 2514 λέγειν
1694 2425 1923 2515 μόνον.

242 2529 395 2591 ΠΗ.
453 2520 623 2611 ἡγοῦ
651 2528 888 2597 τέκνον
915 2555 1025 2615 μοι
1055 2532 1220 2616 δεῦρ
1233 2525 1259 2600 ’,
1283 2524 1419 2614 ὑπ’,
1435 2525 1753 2616 ἀγκάλαις
1782 2538 2073 2617 σταθείς,

240 2834 390 2895 ΑΝ.

476 2623 566 2696 σύ
594 2625 654 2697 τ’
690 2619 745 2698 ῶ
771 2630 1081 2701 τάλαινα·
1111 2638 1417 2718 χείματος
1445 2627 1573 2719 γάρ
1608 2630 1848 2720 ἀγρίου

467 2737 761 2817 τυχοῦσα
791 2735 1059 2820 λιμένας
1084 2723 1293 2820 ἦλθες
1321 2739 1415 2812 είς
1444 2730 1829 2821 εὐηνέμους.

475 2822 531 2898 ῶ
561 2833 852 2920 πρέσβυ,
895 2841 1056 2902 θεοί
1080 2854 1183 2904 σοι
1212 2840 1399 2905 δοῖεν
1428 2825 1507 2904 εὖ
1534 2837 1644 2905 καὶ
1672 2851 1840 2905 τοῖσι
1870 2851 2029 2925 σοῖς,
2137 2853 2239 2909 750

467 2930 754 3001 σώσαντι
781 2939 989 3004 παῖδα
1019 2933 1187 3024 κάμὲ
1213 2934 1337 3024 τὴν
1366 2942 1802 3027 δυσδαίμονα.

466 3029 592 3124 ὅρα
619 3034 695 3105 δὲ
720 3032 809 3123 μὴ
837 3044 980 3128 νῶν
1010 3044 1102 3119 εἰς
1130 3041 1412 3128 ἐρημίαν
1443 3035 1609 3111 ὁδοῦ

464 3134 821 3223 πτήξαντες
850 3144 992 3210 οἵδε
1029 3138 1195 3230 πρὸς
1226 3149 1385 3229 βίαν
1414 3139 1633 3229 ἀγωσί
1664 3171 1777 3232 με,

467 3239 750 3326 γέροντα
777 3240 900 3328 μὲν
929 3239 992 3311 σ’
1029 3239 1349 3332 ὁρῶντες,
1382 3240 1639 3333 ἀσθενῆ
1671 3244 1736 3314 δ’
1770 3249 1883 3332 ἐμὲ

462 3341 576 3409 καὶ
602 3346 809 3410 παῖδα
834 3342 1031 3413 τόνδε
1063 3345 1336 3433 νήπιον·
1368 3347 1600 3418 σκόπει
1628 3348 1808 3435 τάδε,
2130 3361 2232 3418 755

459 3438 549 3528 μὴ
585 3449 718 3513 νῦν
745 3444 1078 3533 φυγόντες
1107 3444 1246 3515 εἷθ’
1282 3445 1545 3538 ἁλῶμεν
1577 3446 1877 3539 ὕστερον.
