2492 3900
243 560 399 620 AN.

243 662 405 723 ΜΕ.

243 764 400 825 AN.

243 866 404 927 ME.

243 969 400 1029 AN.

242 1070 404 1131 ΜΕ.

243 1172 400 1233 AN.

242 1276 406 1336 ΜΕ.

242 1480 406 1540 ΜΕ.

247 1581 402 1642 ΑΝ.

976 175 1532 233 ANAPOMAXH
2183 174 2262 239 61

481 340 618 413 ἀλλ’
652 341 802 431 ἕρπ’
837 347 902 422 ἐς
931 354 1159 422 οἴκους
1179 339 1447 439 τούσδ’,
1478 340 1559 410 ἵν’
1596 349 1689 421 εἰς
1719 346 2127 433 ἐλευθέρους

483 447 693 533 δούλη
723 453 988 533 γεγῶσα
1021 440 1267 531 μήποθ’
1302 440 1606 532 ὑβρίζειν
1636 446 1878 535 μάθῃς.

485 559 696 635 οἴμοι·
731 548 909 637 δόλῳ
937 544 995 633 μ’
1031 544 1369 633 ὑπῆλθες,
1403 544 1823 633 ἠπατήμεθα.
2166 566 2266 621 435

473 646 758 738 κήρυσσ’
795 645 1073 718 ἅπασιν·
1104 644 1186 715 οὐ
1214 646 1344 736 γὰρ
1379 649 1861 738 ἐξαρνούμεθα.

476 745 520 840 ἦ
547 748 726 821 ταῦτ’
761 754 833 819 ἐν
863 747 1027 838 ὑμῖν
1054 766 1191 830 τοῖς
1219 747 1369 838 παρ’
1401 748 1694 843 Εὐρώτᾳ
1721 751 1937 839 σοφάς

473 858 586 923 καὶ
615 870 751 933 τοῖς
778 881 856 941 γε
892 860 1130 943 Τροίᾳ,
1161 850 1317 933 τοὺς
1346 854 1691 935 παθόντας
1720 850 2065 945 ἀντιδρᾶν.

475 953 556 1025 τὰ
583 966 741 1024 θεῖα
771 952 837 1023 δ’
873 952 958 1023 οὐ
988 951 1126 1024 θεῖ’
1159 951 1311 1023 οὐδ’
1346 962 1522 1042 ἔχειν
1548 954 1704 1044 ἡγεῖ
1726 962 1959 1044 δίκην;

477 1056 641 1128 ὅταν
669 1055 804 1127 ποτ’
839 1048 885 1147 ᾗ
913 1053 1088 1143 τάδ’,
1118 1066 1395 1145 οἴσομεν
1413 1079 1427 1093 ·
1458 1057 1533 1125 σὲ
1570 1058 1647 1126 δὲ
1672 1067 1908 1127 κτενῶ.
2161 1074 2266 1129 440

474 1154 517 1249 ἦ
546 1163 658 1229 καὶ
684 1157 969 1229 νεοσσὸν
997 1156 1211 1244 τόνδ’,
1243 1156 1377 1227 ὑπὸ
1408 1166 1674 1248 πτερῶν
1702 1161 1991 1243 σπάσας;

481 1260 563 1331 οὐ
596 1268 794 1349 δῆτα·
819 1264 1116 1349 θυγατρὶ
1145 1258 1238 1347 δ’,
1272 1257 1360 1349 ἦν
1388 1264 1596 1353 θέλῃ,
1628 1263 1824 1331 δώσω
1855 1279 2145 1333 κτανεῖν.

477 1376 686 1451 οἴμοι·
729 1372 800 1433 τί
824 1362 989 1452 δῆτά
1017 1360 1080 1432 σ’
1125 1360 1209 1432 οὐ
1238 1368 1655 1450 καταστένω,
1685 1368 1957 1449 τέκνον;

481 1464 737 1536 οὔκουν
765 1466 1056 1554 θρασεῖα
1082 1464 1139 1554 γ’
1172 1462 1385 1535 αὐτὸν
1414 1470 1599 1547 ἐλπὶς
1628 1464 1927 1554 ἀμμένει.

479 1560 532 1636 ὦ
561 1576 767 1637 πᾶσιν
795 1565 1266 1659 ἀνθρώποισιν
1296 1576 1592 1657 ἔχθιστοι
1618 1578 1883 1659 βροτῶν
2158 1586 2261 1641 445

477 1672 794 1760 Σπάρτης
823 1678 1106 1758 ἔνοικοι,
1138 1671 1331 1739 δόλια
1359 1672 1832 1761 βουλευτήρια,

476 1770 814 1853 ψευδῶν’
787 1772 1102 1859 άνακτες,
1134 1774 1650 1861 μηχανορράφοι
1679 1782 1930 1861 κακῶν,

839 1870 1422 1901 ,,,,,,

483 1983 932 2064 φρονοῦντες,
965 1973 1213 2054 ἀδίκως
1243 1973 1560 2062 εὐτυχεῖτ’
1596 1974 1692 2044 ἀν’
1718 1975 2015 2047 Ελλάδα.

487 2085 553 2146 τί
576 2074 642 2146 δ’
675 2072 802 2144 οὐκ
831 2081 906 2144 ἐν
937 2074 1100 2164 ὑμῖν
1131 2081 1343 2160 ἐστιν;
1378 2075 1459 2146 οὐ
1494 2087 1788 2147 πλεῖστοι
1816 2079 2053 2168 φόνοι;
2158 2099 2263 2150 450

480 2177 606 2249 οὐκ
635 2186 1168 2269 αἰσχροκερδεῖς;
1197 2176 1281 2248 οὐ
1309 2184 1614 2268 λέγοντες
1644 2178 1811 2250 ἄλλα
1838 2182 1963 2270 μὲν

481 2282 778 2371 γλώσσῃ,
812 2290 1226 2371 φρονοῦντες
1256 2279 1321 2352 δ’
1355 2280 1491 2352 ἄλλ’
1528 2281 1997 2372 ἐφευρίσκεσθ’
2031 2283 2143 2354 ἀεί
2151 2318 2169 2367 ;

479 2381 758 2454 ὅλοισθ’.
805 2387 952 2472 ἐμοὶ
986 2385 1061 2453 δὲ
1089 2384 1382 2466 θάνατος
1412 2383 1537 2473 οὐχ
1564 2383 1743 2454 οὕτω
1772 2386 1988 2475 βαρὺς

479 2483 568 2565 ὦς
594 2488 700 2555 σοὶ
729 2490 1072 2556 δέδοκται·
1121 2503 1312 2556 κεῖνα
1340 2488 1467 2576 γάρ
1499 2486 1558 2575 μ’
1592 2486 1959 2574 ἀπώλεσεν,

480 2585 582 2656 ὅθ’
616 2585 658 2675 ἡ
688 2589 967 2657 τάλαινα
996 2588 1188 2668 πόλις
1217 2586 1541 2676 ἆναλιόθη
1575 2597 1873 2677 Φρυγῶν
2161 2606 2263 2660 455

479 2691 668 2768 πόσις
695 2688 758 2758 θ’
793 2687 828 2759 ὃ
861 2689 1158 2776 κλεινός,
1192 2687 1266 2770 ὅς
1294 2710 1369 2759 σε
1398 2691 1715 2770 πολλάκις
1745 2693 1897 2780 δορὶ

478 2792 737 2879 ναύτην
767 2799 1015 2880 ἔθηκεν
1048 2790 1198 2861 ἀντὶ
1225 2801 1541 2885 χερσαίου
1569 2793 1799 2864 κακόν.

478 2901 610 2962 νῦν
640 2891 704 2962 δ’
743 2902 836 2975 εἷς
867 2911 1155 2982 γυναῖκα
1184 2895 1429 2985 γοργὸς
1458 2893 1728 2985 ὁπλίτης
1757 2900 1997 2986 φανεὶς

481 3004 764 3076 κτείνεις
792 2993 890 3084 μ’;
922 2996 1254 3074 απόκτειν’
1279 3021 1291 3034 ·
1333 3027 1421 3079 ως
1450 2995 1854 3069 ἆθώπευτόν
1882 3002 1963 3087 γε’
1984 3021 2063 3069 σε

481 3097 785 3187 γλώσσης
813 3095 1053 3187 ἀφήσω
1081 3108 1198 3186 τῆς
1228 3105 1385 3189 ἐμῆς
1414 3104 1527 3170 καὶ
1555 3091 1763 3171 παῖδα
1790 3102 1937 3189 σήν.
2158 3117 2265 3170 460

484 3203 628 3268 ἐπεὶ
657 3200 746 3268 σύ
774 3202 896 3289 μὲν
927 3204 1234 3289 πέφυκας
1266 3207 1340 3272 ἐν
1372 3204 1654 3294 Σπάρτῃ
1682 3208 1907 3292 μέγας,

479 3299 666 3389 ἡμεῖς
695 3304 772 3372 δὲ
807 3311 1011 3394 Τροίᾳ
1043 3303 1123 3390 γ’.
1168 3311 1229 3372 εἰ
1254 3301 1321 3373 δ’
1354 3305 1482 3396 ἐγώ
1513 3306 1786 3395 πράσσω
1816 3313 2057 3390 κακῶς,

479 3405 689 3492 μηδὲν
718 3402 861 3474 τόδ’
894 3402 1085 3492 αὔχει
1104 3429 1117 3441 ·
1151 3408 1262 3475 καὶ
1290 3404 1377 3476 σὺ
1405 3407 1534 3497 γὰρ
1564 3409 1876 3498 πράξειας
1910 3404 2013 3474 ἄν.
