2492 3900
279 104 408 169 100

1131 104 1454 165 BAKXAI

507 279 758 366 λύπης,
789 269 954 343 ὅταν
981 278 1381 362 πλησθῶσιν
1410 269 1713 361 ἀμπέλου
1742 278 1923 364 ῥοῆς,

506 378 726 451 ὕπνον
755 404 826 446 τε
854 375 1076 465 λήθην
1101 380 1240 446 τῶν
1268 371 1418 443 καθ’
1452 372 1708 466 ἡμέραν
1735 384 1966 447 κακῶν

508 476 828 568 δίδωσιν,
856 474 1010 548 οὐδ’
1044 474 1167 548 ἔστ’
1201 472 1366 547 ἄλλο
1395 478 1755 569 φάρμακον
1784 480 2035 551 πόνων.

505 576 702 666 οὗτος
727 594 951 653 θεοῖσι
977 582 1337 651 σπένδεται
1364 578 1527 662 θεὸς
1556 581 1790 671 γεγώς,

507 685 677 760 ῶστε
704 683 818 756 διὰ
844 690 1087 753 τοῦτον
1113 679 1349 772 τάγάθ’
1386 679 1795 773 ἀνθρώπους
1824 693 2023 775 ἔχειν.
2196 704 2303 760 285

503 792 617 860 καὶ
646 793 1014 879 καταγελᾷς
1039 814 1188 874 νιν,
1227 781 1317 866 ῶς
1346 786 1688 877 ἐνερράφη
1716 787 1887 873 Διὸς

501 899 729 986 μηρῷ;
761 889 1008 973 διδάξω
1035 886 1101 959 σ’
1135 885 1226 971 ὥς
1252 896 1473 971 καλῶς
1501 896 1635 979 ἔχει
1665 891 1841 962 τόδε.

504 1000 658 1067 ἐπεί
679 1022 794 1064 νιν
821 988 1071 1083 ἥρπασ’
1107 996 1181 1063 ἐκ
1208 990 1426 1084 πυρὸς
1453 1000 1823 1083 κεραυνίου

503 1097 704 1186 Ζεύς,
737 1102 831 1178 είς
858 1093 925 1166 δ’
952 1092 1308 1184 Ὄλυμπον
1334 1098 1589 1187 βρέφος
1618 1094 1993 1187 ἀνήγαγεν,
2024 1096 2197 1169 θεὸν

485 1198 665 1291 ’Ἡρα
698 1228 814 1269 νιν
839 1194 1028 1287 ἤθελ’
1061 1201 1374 1288 ἐκβαλεῖν
1400 1196 1507 1269 ἀπ’
1541 1197 1845 1290 ούρανοῦ
1864 1224 1879 1239 ·
2195 1219 2301 1274 290

503 1300 677 1385 Ζεὺς
704 1300 771 1373 δ’
806 1298 1383 1390 ἀντεμηχανήσαθ’
1417 1296 1526 1371 οἷα
1557 1300 1642 1391 δὴ
1672 1303 1854 1385 θεός.

505 1406 705 1497 ῥήξας
729 1408 932 1496 μέρος
958 1432 1024 1474 τι
1052 1410 1174 1474 τοῦ
1205 1401 1394 1492 χθόν’
1430 1408 1981 1495 ἐγκυκλουμένου

506 1509 818 1599 αὐθέρος,
851 1513 1058 1595 ἔθηκε
1086 1504 1275 1576 τόνδ’
1309 1502 1567 1598 ὅμηρον
1597 1508 1908 1591 ἐκδιδοὺς

502 1604 1073 1700 ΔιόνυσονἻΙρας
1098 1610 1413 1680 νεικέων·
1442 1610 1665 1705 χρόνῳ
1698 1614 1779 1682 δέ
1801 1640 1915 1682 νιν

502 1716 737 1806 βροτοὶ
763 1718 1111 1805 τραφῆναί
1134 1733 1346 1802 φασιν
1374 1715 1449 1782 ἐν
1482 1720 1673 1807 μηρῷ
1696 1715 1886 1803 Διός,
2194 1732 2303 1788 295

503 1814 721 1906 ὄνομα
746 1814 1306 1906 μεταστήσαντες,
1340 1811 1443 1885 ὅτι
1470 1823 1605 1909 θεᾷ
1632 1816 1795 1898 θεὸς

485 1918 666 2014 1’Ἡρα
692 1917 846 1994 ποθ’
882 1914 1269 2010 ὡμήρευσε,
1299 1920 1669 2002 συνθέντες
1690 1919 1915 2012 λόγον.

500 2024 737 2114 μάντις
771 2022 836 2094 δ’
872 2020 908 2093 ὁ
940 2027 1202 2111 δαίμων
1229 2019 1381 2093 ὅδε·
1418 2020 1492 2092 τὸ
1522 2020 1651 2114 γὰρ
1681 2022 2138 2112 βακχεύσιμον

498 2128 614 2196 καὶ
643 2123 717 2196 τὸ
747 2130 1081 2215 μανιῶδες
1115 2123 1449 2213 μαντικὴν
1477 2125 1736 2215 πολλὴν
1768 2133 1933 2216 ἔχει·

502 2225 668 2298 ὅταν
693 2227 824 2318 γὰρ
853 2224 889 2297 ὃ
918 2225 1081 2307 θεὸς
1109 2233 1205 2308 εἰς
1235 2225 1310 2297 τὸ
1339 2225 1498 2317 σῶμ’
1534 2235 1705 2320 ἔλθῃ
1732 2229 1966 2317 πολύς,
2191 2245 2297 2300 300

501 2332 726 2419 λέγειν
753 2327 828 2400 τὸ
863 2329 1109 2418 μέλλον
1137 2328 1297 2411 τοὺς
1323 2329 1700 2420 μεμηνότας
1728 2347 1929 2404 ποιεῖ’.

482 2432 740 2525 ’Ἄρεώς
768 2461 841 2504 τε
868 2449 1114 2524 μοῖραν
1140 2431 1541 2522 μεταλαβών
1569 2441 1703 2523 ἔχει
1730 2435 1914 2505 τινά·

501 2535 792 2630 στρατὸν
817 2536 946 2626 γὰρ
978 2539 1052 2606 ἐν
1080 2531 1314 2618 ὅπλοις
1343 2532 1507 2606 ὄντα
1534 2533 1701 2607 κάπὶ
1727 2538 1949 2622 τάξεσι

512 2641 725 2730 φόβος
755 2639 1113 2729 διεπτόησε
1139 2641 1305 2730 πρὶν
1334 2639 1575 2729 λόγχης
1603 2637 1865 2729 θιγεῖν·

499 2749 707 2831 μανία
735 2742 952 2812 δὲκαὶ
979 2739 1152 2811 τοῦτ’
1186 2743 1326 2811 ἐστὶ
1354 2741 1705 2813 Διονύσου
1734 2744 1935 2833 πάρα.
2190 2758 2291 2812 305

503 2841 583 2914 ἔτ’
617 2841 830 2914 αὐτὸν
856 2840 1012 2925 ὄψει
1038 2841 1203 2913 κάπὶ
1229 2852 1572 2935 Δελφίσιν
1600 2847 1871 2937 πέτραις

500 2951 820 3035 πηδῶντα
847 2944 980 3017 σὺν
1007 2945 1326 3019 πεύκαισι
1354 2948 1735 3039 δικόρυφον
1762 2947 2004 3034 πλάκα,

499 3048 840 3120 πάλλοντα
868 3051 982 3120 καὶ
1009 3055 1281 3121 σείοντα
1307 3059 1639 3140 Βακχεῖον
1665 3051 1937 3138 κλάδον,

499 3153 715 3240 μέγαν
739 3149 787 3222 τ’
823 3149 920 3224 ἀν’
942 3150 1232 3224 Ἑλλάδ’.
1277 3150 1416 3224 ἀλλ’
1449 3157 1604 3243 ἐμοί
1612 3207 1631 3244 ,
1660 3161 1944 3226 Πενθεῦ
1964 3205 1983 3241 ,
2012 3159 2258 3222 πιθοῦ·

499 3250 591 3343 μὴ
621 3254 695 3326 τὸ
723 3256 963 3346 κράτος
989 3253 1182 3345 αὔχει
1211 3256 1509 3346 δύναμιν
1535 3253 1929 3348 ἀνθρώποις
1961 3261 2160 3344 ἔχειν,
2187 3271 2285 3328 310

499 3356 658 3447 μηδ’
693 3354 783 3447 ἦν
813 3365 1018 3449 δοκῇς
1044 3361 1202 3448 μέν,
1231 3357 1277 3450 ἡ
1310 3359 1387 3430 δὲ
1415 3359 1576 3444 δόξα
1602 3382 1729 3432 σου
1759 3363 1967 3449 νοσῇ,

504 3476 790 3557 φρονεῖν
819 3461 1006 3533 δόκει
1042 3485 1137 3532 τι·
1177 3460 1298 3533 τὸν
1328 3461 1499 3534 θεὸν
1527 3462 1591 3533 δ’
1627 3471 1722 3548 εἰς
1749 3471 1880 3557 γῆν
1907 3466 2110 3556 δέχου
