2492 3900
21 2477 28 2600 -—-—-—--
21 1544 32 2422 *μὴ*
22 1302 29 1533 --—--—-——
22 1154 25 1235 —v-vv

206 2065 350 2126 XO.

205 2267 347 2328 ΗΡ.

205 2576 354 2634 ΛΔ.

204 2779 347 2840 ΗΡ.

202 2883 354 2942 ΑΔ.

155 3049 162 3054 ,
204 2983 342 3043 ΗΡ.

203 3088 352 3146 ΑΔ.

1016 156 1465 211 ΑΛΚΗΣΤΙΣ
2151 154 2236 215 39

448 331 632 394 ἔσται
649 354 666 405 ;
695 322 816 390 τὸν
843 320 1123 409 ἡβῶνθ’,
1151 318 1548 410 Ἠράκλεις,
1582 320 1664 390 οὐ
1694 324 1931 421 ῥᾴδιον

451 436 704 514 εἴργειν
723 447 738 460 ·
769 424 899 511 έγώ
933 425 1008 493 δὲ
1034 432 1160 491 σοῦ
1189 432 1579 513 προμηθίαν
1608 432 1755 511 ἔχω.

447 524 494 613 ἢ
519 535 636 614 τῆς
664 526 1012 614 θανούσης
1038 525 1351 613 θάλαμον
1388 528 1697 614 είσβήσας
1725 532 1988 615 τρέφοις
2100 546 2232 600 1055

447 632 560 697 καὶ
597 635 738 709 πῶς
769 633 1110 717 ἐπεισφρῶ
1140 628 1343 715 τήνδε
1371 634 1464 721 τῷ
1493 636 1719 715 κείνης
1747 632 1955 716 λέχει;

449 737 696 817 διπλῆν
727 738 1072 817 φοβοῦμαι
1099 732 1385 817 μέμψιν,
1418 738 1491 799 ἔκ
1520 758 1590 799 τε
1619 736 1951 818 δημοτῶν,

444 832 534 919 μή
563 840 662 912 τίς
688 830 748 919 μ’
783 836 1014 921 ἐλέγχῃ
1042 829 1166 918 τὴν
1195 830 1362 919 ε’μὴν
1391 829 1733 920 εὐεργέτιν

448 931 754 1022 προδόντ’
777 942 853 1004 έν
875 934 1098 1012 ἄλλοις
1122 940 1418 1021 δεμνίοις
1446 942 1711 1003 πίτνειν
1734 939 1911 1023 νέας,

445 1038 558 1103 καὶ
592 1044 708 1123 τῆς
734 1036 1114 1124 θανούσης,
1147 1033 1297 1117 ἀξία
1326 1034 1391 1104 δ’
1429 1039 1575 1122 ἐμοὶ
1604 1040 1850 1124 σέβειν,
2094 1056 2233 1111 1060

445 1137 700 1225 πολλὴν
731 1139 1061 1226 πρόνοιαν
1091 1145 1200 1207 δεῖ
1225 1135 1285 1224 μ’
1323 1146 1517 1226 ἔχειν.
1576 1138 1661 1206 σὺ
1695 1136 1751 1206 δ’
1784 1130 1839 1207 αἶ
1864 1140 2088 1227 γύναι,

447 1237 592 1327 ἥτις
622 1237 760 1309 ποτ’
798 1240 860 1309 εἷ
885 1242 994 1327 σύ,
1026 1237 1204 1309 ταῦτ’
1247 1237 1457 1328 ἔχουσ’
1483 1238 1860 1327 Ἀλκήστιδι

447 1350 714 1431 μορφῆς
744 1341 920 1432 μέτρ’
955 1352 1103 1411 ἴσθι
1151 1349 1261 1414 καὶ
1312 1344 1662 1432 προσήιξαι
1692 1347 1913 1431 δέμας.

450 1455 648 1532 οἴμοι.
689 1444 916 1532 κόμιζε
945 1444 1110 1533 πρὸς
1137 1452 1327 1513 θεῶν
1354 1449 1419 1527 ἐξ
1449 1443 1765 1532 ὀμμάτων

442 1563 731 1634 γυναῖκα
757 1548 980 1635 τήνδε,
1008 1547 1100 1635 μή
1126 1545 1185 1635 μ’
1220 1550 1375 1636 ἕλῃς
1400 1544 1757 1637 ᾑρημένον.
2093 1566 2229 1620 1065

443 1655 620 1718 δοκῶ
649 1648 778 1738 γὰρ
807 1646 1022 1737 αὐτὴν
1054 1656 1339 1739 εἰσορῶν
1365 1648 1619 1737 γυναῖχ’
1652 1646 1819 1739 ὁρᾶν

441 1752 638 1838 ἐμήν·
670 1761 874 1820 θολοῖ
897 1752 974 1819 δὲ
1001 1757 1321 1840 καρδίαν,
1352 1754 1424 1819 ἐκ
1454 1749 1522 1819 δ’
1556 1749 1871 1839 ὀμμάτων

440 1856 649 1941 πηγαὶ
676 1853 1208 1941 κατερρώγασιν·
1241 1845 1297 1919 ὦ
1324 1852 1593 1939 τλήμων
1630 1854 1782 1940 ἐγώ,

441 1953 531 2036 ὥς
558 1953 710 2044 ἄρτι
741 1959 1041 2032 πένθους
1069 1961 1271 2022 τοῦδε
1297 1955 1581 2042 γεύομαι
1618 1963 1886 2043 πικροῦ.

441 2056 576 2145 ἐγω
603 2057 730 2144 μὲν
758 2053 885 2125 οὐκ
916 2053 1114 2143 ἔχοιμ’
1147 2051 1234 2124 ἂν
1266 2046 1347 2124 εὖ
1374 2057 1596 2144 λέγειν
1624 2057 1865 2144 τύχην·
2088 2075 2227 2131 1070

436 2157 562 2248 χρὴ
595 2155 686 2246 δ’,
717 2155 896 2239 ὅστις
925 2157 1086 2246 εἶσι,
1119 2173 1471 2248 καρτερεῖν
1500 2165 1674 2228 θεοῦ
1704 2160 1918 2228 δόσιν.

443 2269 506 2329 εί
527 2260 656 2352 γὰρ
685 2261 1020 2350 τοσαύτην
1048 2260 1343 2349 δύναμιν
1372 2260 1551 2348 εἶχον
1581 2257 1749 2331 ὥστε
1777 2261 1906 2350 σὴν

441 2371 534 2451 είς
571 2371 716 2450 φῶς
743 2371 1072 2453 πορεῦσαι
1100 2367 1438 2453 νερτέρων
1465 2369 1537 2434 ἐκ
1567 2364 1897 2452 δωμάτων

436 2482 728 2552 γυναῖκα
755 2473 877 2534 καί
895 2487 1003 2534 σοι
1030 2467 1230 2554 τήνδε
1261 2474 1599 2554 πορσῦναι
1622 2467 1839 2554 χάριν.

441 2565 594 2648 σάφ’
635 2567 786 2637 οῖδα
814 2569 1196 2655 βούλεσθαί
1216 2566 1281 2636 σ’
1317 2565 1421 2636 ἅν.
1478 2565 1645 2635 ἀλλὰ
1672 2574 1807 2636 ποῦ
1834 2564 2023 2648 τόδε;
2088 2580 2225 2636 10⁷5

437 2667 732 2738 οὐκέστι
760 2668 920 2750 τοὺς
945 2670 1286 2750 θανόντας
1314 2677 1408 2750 είς
1438 2669 1610 2756 φάος
1636 2679 1890 2757 μολεῖν.

438 2773 530 2860 μή
556 2801 690 2840 νυν
717 2769 1102 2862 ὑπέρβαιν’,
1132 2770 1279 2840 ἀλλ’
1314 2777 1669 2860 ἐναισίμως
1697 2775 1882 2862 φέρε.

438 2877 606 2964 ῥᾷον
638 2891 994 2964 παραινεῖν
1021 2871 1066 2962 ἦ
1094 2875 1401 2944 παθόντα
1438 2891 1809 2965 καρτερεῖν.

435 2983 504 3044 τί
528 2973 594 3044 δ’
629 2971 714 3045 ὅῖν
742 2977 1175 3066 προκόπτοις,
1215 2984 1279 3046 εί
1299 2981 1528 3056 θέλοις
1552 2975 1657 3046 ἀεὶ
1685 2980 1979 3059 στένειν;

439 3085 703 3164 ἔγνωκα
730 3075 1008 3166 καύτός,
1040 3076 1189 3147 ἀλλ’
1223 3087 1391 3170 ἔρως
1423 3108 1522 3160 τις
1555 3080 1790 3168 ἐξάγει.
2088 3094 2226 3148 1080

201 3187 344 3248 ΗΡ.
430 3180 504 3248 τὸ
534 3180 663 3270 γὰρ
696 3189 973 3269 φιλῆσαι
1009 3179 1129 3250 τὸν
1153 3179 1427 3251 θανόντ’
1466 3179 1614 3268 ἄγει
1642 3183 1878 3271 δάκρυ.

201 3293 351 3350 ΛΔ.

437 3281 784 3353 ἀπώλεσέν
812 3312 925 3371 με,
959 3281 1108 3353 κίίτι
1132 3292 1390 3372 μᾶλλον
1417 3281 1461 3372 ἢ
1489 3287 1680 3371 λέγω.

200 3393 342 3452 ΗΡ.
429 3385 753 3474 γυναικὸς
781 3391 1028 3474 ἐσθλῆς
1055 3383 1398 3474 ἤμπλακες
1415 3409 1428 3424 ·
1460 3395 1561 3467 τίς
1589 3384 1860 3476 ἀντερεῖ
1869 3417 1887 3467 3

205 3499 352 3556 ΑΛ.

436 3485 582 3556 ὥστ’
615 3486 830 3576 ἄνδρα
859 3489 1056 3557 τόνδε
1083 3488 1316 3576 μηκέθ’
1348 3487 1636 3575 ἥδεσθαι
1665 3497 1812 3578 βίω.
