2492 3900
1008 107 1320 168 ΕΛΕΝΗ
2033 105 2156 172 221

128 273 407 339 ΘΕΟΚ.
438 255 495 334 ὦ
522 278 745 354 χαῖρε,
776 259 1025 350 πατρὸς
1048 257 1257 349 μνῆμ’
1280 283 1294 298 ·
1341 255 1448 329 ἐπ’
1479 259 1764 342 ἐξόδοισι
1793 261 1924 352 γὰρ
2027 279 2158 336 1165

374 374 639 454 ἔθαψα,
670 369 992 453 Πρωτεῦ,
1024 360 1089 432 σ’
1128 359 1308 432 ἕνεκ’
1341 366 1500 453 ἐμῆς
1527 363 1954 452 προσρήσεως
1972 389 1987 404 ·

372 466 477 538 ἀεὶ
505 470 584 539 δέ
606 465 670 538 σ’
711 465 905 550 ἐξιών
930 491 1003 535 τε
1032 463 1308 535 κείσιων
1341 463 1594 553 δόμους

372 561 833 659 Θεοκλύμενος
860 581 1015 649 παῖς
1044 564 1162 639 ὅδε
1189 567 1654 658 προσεννέπει,
1685 569 1912 658 πάτερ.

373 669 563 762 ὑμεῖς
588 673 713 761 μὲν
740 662 868 741 οὖν
894 669 1104 753 κύνας
1135 697 1207 740 τε
1233 672 1348 740 καὶ
1374 676 1617 759 θηρῶν
1644 670 1954 794 βρόχους,

372 781 621 864 δμῶες,
655 770 945 862 κομίζετ’
990 779 1085 853 είς
1114 771 1364 860 δόμους
1392 773 1842 861 τυραννικούς
1861 797 1874 812 ·
2031 789 2163 844 1170

373 876 505 966 ἐγώ
536 874 600 946 δ’
633 874 925 965 ἐμαυτὸν
953 872 1147 946 πόλλ’
1182 873 1577 963 ἐλοιδόρησα
1605 872 1722 960 δη·

372 976 457 1048 οὐ
485 979 612 1069 γάρ
642 1006 706 1049 τι
733 977 1013 1070 θανάτῳ
1041 975 1201 1058 τούς
1232 973 1486 1056 κακοὺς
1511 975 1892 1064 κολάζομεν.

370 1083 483 1151 καὶ
513 1087 643 1151 νῦν
671 1082 1013 1167 πέπυσμαι
1041 1075 1342 1168 φανερὸν
1365 1074 1704 1166 Ἑλλήνων
1731 1076 1882 1148 τινὰ

374 1189 471 1264 εἰς
498 1190 629 1272 γῆν
660 1178 949 1270 ἀφῖχθαι
976 1183 1091 1251 καὶ
1118 1181 1480 1269 λεληθέναι
1513 1179 1824 1266 σκοπούς,

371 1282 525 1373 ἤτοι
552 1285 888 1372 κατόπτην
912 1279 957 1371 ἢ
984 1292 1266 1363 κλοπαῖς
1292 1281 1698 1372 θηρώμενον
2031 1295 2160 1354 1175

365 1383 677 1474 Ἑλένην·
706 1397 1013 1456 θανεῖται
1044 1381 1135 1472 δ’,
1167 1381 1254 1474 ἤν
1278 1412 1358 1473 γε
1386 1383 1470 1474 δὴ
1501 1391 1737 1474 ληφθῇ
1762 1385 1994 1474 μόνον.

374 1495 451 1558 ἔα
468 1511 483 1525 ·

374 1587 550 1677 ἀλλ’,
581 1586 672 1670 ὥς
702 1595 909 1677 ἔοικε,
938 1588 1153 1659 πάντα
1180 1591 1733 1680 διαπεπραγμένα

252 1771 262 1778 ,
364 1713 658 1781 ηυρηκα·
696 1689 959 1780 τύμβου
986 1690 1115 1782 γὰρ
1144 1690 1345 1774 κενὰς
1373 1687 1645 1761 λιποῦσ’
1688 1694 1888 1782 ἕδρας

375 1822 418 1881 η
458 1795 793 1882 Τυνδαρὶς
822 1808 975 1874 παῖς
1003 1793 1591 1882 ἐκπεπόρθμευται
1622 1795 1888 1881 χθονός.

378 1891 478 2020 ὦη
494 1947 512 1984 ,
540 1901 779 1984 χαλᾶτε
808 1901 1109 1987 κλῇθρα·
1148 1891 1345 1965 λύεθ’
1383 1883 1661 1975 ἱππικὰς
2032 1911 2164 1968 1180

374 1998 665 2088 φάτνας,
695 1995 972 2085 ὀπαδοί,
1002 1993 1436 2086 κάκκομίζεθ’
1471 2022 1753 2084 αρματα,

377 2096 468 2180 ὥς
496 2128 581 2169 αν
609 2098 827 2171 πόνου
858 2097 925 2188 γ’
958 2102 1143 2169 ἕκατι
1170 2126 1262 2189 μη
1291 2098 1470 2188 λάθῃ
1496 2125 1580 2186 με
1607 2104 1730 2187 γῆς

376 2198 570 2289 τῆσδ’
604 2198 1062 2291 έκκομισθεῑσ’
1096 2198 1366 2290 ἄλοχος,
1393 2191 1472 2289 ἧς
1501 2203 1792 2289 ἐφίεμαι.

376 2300 665 2392 ἐπίσχετ’
687 2326 702 2341 ·
735 2310 972 2394 εἰσορῶ
1000 2302 1131 2395 γὰρ
1162 2299 1283 2385 οὕς
1312 2298 1650 2392 διώκομεν

376 2406 714 2495 παρόντας
741 2409 813 2475 ἐν
842 2405 1106 2494 δόμοισι
1132 2403 1261 2476 κού
1290 2405 1732 2495 πεφευγότας.
2029 2424 2162 2479 1185

376 2502 585 2595 αὕτη,
614 2513 687 2577 τί
711 2510 1005 2588 πέπλους
1037 2510 1326 2595 μέλανας
1355 2507 1572 2594 ἐξήψω
1600 2504 1796 2593 χροὸς

377 2615 647 2678 λευκῶν
675 2606 993 2698 άμείψασ’
1027 2616 1101 2679 ἔκ
1129 2635 1200 2678 τε
1228 2606 1472 2697 κρατὸς
1507 2603 1828 2694 εὐγενοῦς

374 2709 586 2798 κόμας
610 2716 893 2801 σίδηρον
921 2708 1287 2801 έμβαλοῦσ’
1321 2707 1692 2799 ἀπέθρισας

374 2820 660 2901 χλωροῖς
686 2840 759 2883 τε
782 2814 1038 2901 τέγγεις
1066 2812 1354 2904 δάκρυσι
1380 2810 1508 2902 σὴν
1539 2820 1834 2905 παρηίδα

377 2919 738 2997 κλαίουσα;
765 2911 1052 3005 πότερον
1080 2915 1388 3006 ἐννύχοις
1413 2919 1806 3006 σεσεισμένη
2035 2930 2164 2985 1190

384 3016 639 3099 στένεις
670 3012 993 3105 ὀνείροις,
1026 3012 1071 3106 ἢ
1098 3018 1306 3107 φάτιν
1337 3014 1471 3089 τιν’
1505 3027 1784 3091 οἴκοθεν

378 3116 683 3189 κλύουσα
711 3118 892 3210 λύπῃ
918 3117 1041 3200 σας
1068 3121 1487 3211 διέφθαρσαι
1511 3123 1794 3211 φρένας,

142 3226 285 3289 ΕΛ.
371 3246 427 3288 ω
461 3218 758 3309 δέσποτ’,
787 3218 921 3310 ἤδη
947 3248 1079 3311 γαρ
1108 3219 1252 3292 τόδ’
1285 3218 1586 3312 ὀνομάζω
1614 3220 1679 3292 σ’
1715 3230 1892 3301 ἔπος,

380 3316 635 3392 ολωλα·
665 3328 940 3414 φροῦδα
964 3320 1141 3412 τάμὰ
1166 3320 1418 3395 κούδέν
1444 3321 1575 3412 εἰμ’
1610 3330 1728 3393 ἔτι.

146 3429 329 3493 &Eo
341 3430 416 3493 K.
451 3426 528 3494 ἐν
554 3431 646 3519 τῷ
673 3425 751 3495 δὲ
777 3440 995 3497 κεῖσαι
1021 3432 1409 3516 συμφορᾶςς
1439 3430 1539 3503 τίς
1571 3421 1612 3508 ἡ
1641 3421 1840 3501 τύχη·
1824 3458 1841 3485 2
2034 3414 2164 3465 ¹¹⁹⁵
