2492 3900
1017 133 1343 195 BAKXAI
2104 134 2186 201 97

400 308 516 376 καὶ
540 309 752 396 κρᾶτα
780 314 996 371 σεῖσαι
1022 300 1294 387 πολιόνς
1332 308 1572 393 ἐξηγοῦ
1600 305 1687 377 σύ
1713 334 1829 396 μοι
2090 324 2189 380 185

398 409 622 498 γέρων
654 407 953 496 γέροντι,
997 413 1337 494 Τειρεσία·
1376 404 1463 477 σὺ
1490 404 1620 498 γὰρ
1649 408 1877 499 σοφός.

401 507 492 592 ῶς
519 504 603 579 ού
637 502 896 595 κάμοιμ’
931 534 1017 576 αν
1045 534 1202 577 ουτε
1223 505 1408 578 νύκτ’
1442 506 1592 579 ουθ’
1624 506 1882 603 ἡμέραν

402 613 643 704 θύρσῳ
672 616 934 702 κροτῶν
961 616 1121 698 γῆν·
1162 609 1624 701 ἐπιλελήσμεθ’
1655 610 1873 705 ἡδονῇ

398 718 710 807 γέροντες
739 739 946 792 οντες.
1011 720 1180 783 ΤΕΙ.
1211 710 1389 783 ταῦτ’
1427 715 1573 803 ἐμοὶ
1602 716 1875 804 πάσχεις
1908 713 2069 809 αρα·

397 813 582 907 κᾶγῶ
616 812 745 904 γὰρ
775 810 920 903 ἡβῶ
949 811 1402 905 κάπιχειρήσω
1428 832 1673 908 χοροῖς.
2088 834 2190 891 190

169 928 317 990 KA.
399 916 657 990 ούκοῦν
684 914 944 1005 ὄχοισιν
975 924 1068 999 εἰς
1097 914 1256 1009 ὅρος
1281 920 1695 1009 περάσομεν;

175 1030 348 1094 ΤΕΙ.
389 1018 528 1091 ἀλλ’
565 1015 689 1108 οὐχ
717 1015 962 1107 ὁμοίως
993 1015 1078 1089 ἂν
1107 1017 1143 1089 6
1171 1018 1337 1103 θεὸς
1364 1020 1565 1112 τιμὴν
1594 1031 1751 1112 ἔχοι.

169 1133 320 1195 KA.
401 1126 620 1215 γέρων
646 1124 932 1214 γέροντα
960 1123 1455 1249 παιδαγωγήσω
1483 1121 1549 1194 σ’
1583 1124 1733 1213 ἐγώ.

175 1236 348 1299 ΤΕΙ.
404 1223 440 1297 6
470 1223 633 1308 θεὸς
659 1222 944 1314 ἀμοχθεὶ
977 1240 1160 1297 κεῖσε
1184 1233 1330 1321 νῶν
1356 1223 1695 1317 ἡγήσεται.

168 1338 317 1400 KA.
400 1328 597 1419 μόνοι
630 1327 706 1398 δὲ
733 1327 992 1409 πόλεως
1021 1336 1291 1424 Βακχίῳ
1322 1330 1773 1420 χορεύσομεν;
2090 1346 2188 1403 195

176 1441 348 1504 ΤΕΙ.
408 1431 606 1522 μόνοι
633 1427 764 1557 γὰρ
797 1421 877 1501 εὖ
905 1439 1338 1521 φρονοῦμεν,
1370 1438 1441 1503 oc
1461 1430 1526 1503 δ’
1560 1430 1753 1504 αλλοι
1781 1440 2021 1516 κακῶς.

167 1542 316 1605 ΚΑ.
393 1533 656 1627 μακρὸν
684 1532 758 1605 τὸ
787 1534 1090 1623 μέλλειν·
1120 1531 1260 1605 ἀλλ’
1292 1537 1451 1625 ἐμῆς
1479 1542 1634 1626 ἔχου
1663 1536 1876 1628 χερός.

175 1646 348 1710 ΤΕΙ.
405 1637 589 1726 ἰδού,
619 1636 911 1719 ξύναπτε
939 1639 1052 1707 καὶ
1081 1640 1454 1729 ξυνωρίζου
1481 1641 1663 1730 χέρα.

165 1747 317 1811 ΚΛ.
399 1737 481 1810 ού
518 1748 923 1830 καταφρονῶ
957 1737 1079 1829 ’γῶ
1109 1748 1248 1811 τῶν
1275 1748 1466 1811 θεῶν
1493 1738 1747 1830 θνητὸς
1775 1740 2007 1829 γεγώς.

174 1853 349 1916 ΤΕΙ.
406 1839 615 1914 οὐδὲν
643 1842 1101 1931 σοφιζόμεσθα
1127 1858 1300 1913 τοῖσι
1331 1848 1623 1932 δαίμοσι.
2086 1860 2191 1913 200

398 1954 722 2037 πατρίους
749 1942 1135 2036 παραδοχὰς
1163 1942 1240 2026 ἅς
1268 1940 1334 2014 θ’
1365 1941 1685 2035 ὁμήλικας
1710 1945 1929 2039 χρόνῳ

397 2042 780 2138 κεκτήμεθ’,
809 2043 1036 2128 οὐδεὶς
1063 2042 1236 2116 αὐτὰ
1264 2055 1633 2136 καταβαλεῖ
1653 2044 1869 2136 λόγος,

401 2147 558 2222 οὐδ’
595 2157 659 2221 εἰ
685 2145 766 2218 δι’
807 2145 1038 2239 ἄκρων
1065 2146 1140 2232 τὸ
1170 2147 1391 2238 σοφὸν
1412 2145 1699 2241 ηὕρηται
1728 2157 2025 2242 φρενῶν.

399 2257 545 2344 ἐρεῖ
566 2281 666 2337 τις
693 2247 784 2334 ῶς
810 2249 885 2321 τὸ
914 2258 1124 2342 γῆρας
1153 2247 1283 2321 οὐκ
1311 2254 1735 2342 αἰσχύνομαι,

402 2359 666 2445 μέλλων
691 2353 1004 2444 χορεύειν
1032 2359 1246 2445 κρᾶτα
1277 2356 1608 2438 κισσώσας
1634 2355 1817 2445 ἐμόν.
2088 2373 2192 2427 205

400 2454 483 2528 οὐ
510 2455 639 2549 γὰρ
669 2453 924 2547 διῄρηχ’
957 2451 993 2526 6
1021 2455 1185 2538 θεὸς
1213 2468 1347 2527 εἴτε
1375 2456 1495 2528 τὸν
1522 2461 1681 2528 νέον

399 2565 460 2630 εἰ
489 2559 614 2649 χρὴ
647 2559 960 2651 χορεύειν
989 2568 1122 2630 εἴτε
1150 2557 1273 2628 τὸν
1298 2568 1710 2651 γεραίτερον,

403 2659 540 2732 ἀλλ’
578 2667 646 2747 ἐξ
674 2657 992 2734 ἁπάντων
1017 2662 1338 2750 βούλεται
1369 2660 1563 2751 τιμὰς
1589 2668 1768 2749 ἔχειν

403 2765 667 2854 κοινάς,
701 2761 783 2834 δι’
816 2761 1133 2857 ἀριθμῶν
1160 2760 1231 2834 δ’
1261 2761 1467 2834 οὐδὲν
1496 2759 1825 2846 αὔξεσθαι
1853 2764 2062 2835 θέλει.

173 2876 320 2939 KA.
404 2869 550 2938 ἐπεὶ
578 2867 668 2938 σὺ
698 2869 984 2956 φέγγος,
1023 2873 1371 2959 Τειρεσία,
1403 2863 1549 2939 τόδ’
1583 2862 1709 2956 οὐχ
1738 2863 1923 2960 ὁρᾷς,
2093 2883 2197 2938 210

403 2969 534 3060 ἐγὼ
563 2970 910 3061 προφήτης
937 2991 1043 3041 σοι
1070 2971 1293 3060 λόγων
1320 2970 1706 3059 γενήσομαι.

403 3072 723 3155 Πενθεὺς
749 3070 919 3163 πρὸς
948 3083 1176 3156 οἴκους
1204 3069 1322 3144 ὅδε
1350 3072 1463 3143 διὰ
1492 3079 1794 3162 σπουδῆς
1822 3079 1996 3163 περᾷ

393 3173 686 3264 Ἐχίονος
713 3188 900 3264 παῖς,
936 3165 994 3268 ᾦ
1019 3177 1261 3267 κράτος
1292 3182 1539 3265 δίδωμι
1566 3183 1708 3264 γῆς.

407 3274 497 3360 ῶς
525 3278 839 3368 ἐπτόηται
857 3299 873 3316 ·
903 3285 978 3348 τί
997 3276 1138 3349 ποτ’
1171 3283 1317 3371 ἐρεῖ
1335 3279 1705 3369 νεῶτερον,
1688 3309 1703 3326 ·

177 3389 318 3451 ΠΕ.
406 3386 692 3471 ἔκδημος
730 3377 828 3452 ῶν
856 3383 982 3471 μὲν
1013 3379 1202 3472 τῆσδ’
1235 3381 1604 3472 ἐτύγχανον
1639 3379 1909 3470 χθονός,
2093 3393 2195 3448 215

407 3483 592 3555 κλύω
622 3485 698 3556 δὲ
722 3511 973 3574 νεοχμα
998 3483 1188 3574 τήνδ’
1222 3483 1353 3556 ἄνα
1381 3485 1620 3557 πτόλιν
1646 3483 1840 3571 κακά,

339 3589 786 3648 zvmp.v01..1.
1823 3579 1861 3645 7
