2492 3900
222 274 371 338 ΘΕ.

227 881 351 944 ΙΟ.

228 1188 370 1250 ΘΕ.

225 1290 351 1352 ΙΟ.

225 1393 367 1454 ΘΕ.

224 1494 352 1556 10.

225 1596 368 1658 ΘΕ.

230 1698 354 1760 ῙΟ.

227 1802 368 1862 ΘΕ.

231 1904 273 1967 Ι
272 1902 350 1964 Ο.

226 2007 367 2067 ΘΕ.

230 2108 351 2170 Io,

227 2212 369 2272 ΘΕ.

225 2312 350 2375 Io,

229 3231 372 3293 XO.

989 93 1537 153 ΗΡΑΚΛΕΙΔΛΙ

472 261 703 334 ὅπλων
728 263 853 351 μὲν
879 259 1010 349 ἤδη
1039 259 1229 349 τήνδ’
1263 257 1425 352 ὁρᾷς
1452 269 1880 353 παντευχίαν,

463 365 758 455 φθάνοις
790 360 855 433 δ’
891 359 975 433 ἂν
1001 361 1128 433 οὐκ
1159 358 1244 433 ἂν
1272 368 1494 433 τοῖσδε
1522 363 1646 434 σὸν
1674 367 1992 454 εκρύπιϊιῑηΙ

463 465 553 549 ὥς
579 465 780 556 ἐγγὺς
808 463 1025 555 ἁγών,
1057 467 1168 536 καὶ
1197 462 1461 554 μάλιστ’
1485 462 1691 556 ’Ἄρης
1718 488 1952 557 στυγεῖ·

460 573 822 658 μέλλοντας
841 592 855 606 ·
891 577 954 640 εἰ
980 568 1055 638 δὲ
1081 571 1374 656 τευχέων
1403 575 1609 656 φοβεῖ
1630 569 1854 659 βάρος,

462 679 595 741 νῦν
626 671 750 759 μὲν
780 671 1079 760 πορεύου
1105 670 1398 760 γυμνός,
1430 673 1503 740 ἐν
1532 670 1607 740 δὲ
1635 672 1896 754 τάξεσιν

459 773 686 866 κόσμω
713 773 1010 857 πυκάζου
1037 769 1196 865 τῷδ’
1219 795 1234 809 ·
1267 770 1397 859 ἐγώ
1430 769 1497 841 δ’
1530 783 1692 843 οἴσω
1720 778 1900 855 τέως.

458 881 677 956 καλῶς
707 878 960 958 ἔλεξας·
996 872 1144 944 ἀλλ’
1177 875 1323 962 ἐμοὶ
1350 871 1653 964 πρόχειρ’
1692 883 1862 964 ἔχων

462 977 663 1066 τεύχη
689 976 945 1066 κόμιζε,
974 979 1146 1067 χειρὶ
1176 972 1239 1045 δ’
1276 983 1473 1057 ἔνθες
1502 973 1731 1066 ὀξύην,

461 1079 655 1150 λαιόν
685 1077 747 1149 τ’
783 1087 1014 1170 ἔπαιρε
1042 1086 1298 1168 πῆχυν,
1335 1075 1659 1149 εὐθύνων
1691 1080 1884 1151 πόδα.

462 1172 508 1270 ἦ
536 1187 992 1270 παιδαγωγεῖν
1020 1179 1148 1271 γάρ
1179 1179 1300 1250 τὸν
1327 1177 1609 1270 ὁπλίτην
1634 1183 1888 1272 χρεώνς

460 1281 741 1375 ὄρνιθος
779 1283 983 1354 εἵνεκ’
1036 1280 1355 1372 ἀσφαλῶς
1388 1287 1773 1374 πορευτέον.

462 1384 598 1455 εἶθ’
634 1377 815 1475 ἦσθα
844 1383 1131 1467 δυνατὸς
1159 1390 1332 1475 δρᾶν
1360 1381 1523 1456 ὅσον
1549 1386 1900 1476 πρόθυμοςι

461 1494 715 1577 ἔπειγε·
746 1491 1054 1579 λειφθεὶς
1085 1486 1277 1558 δεινὰ
1306 1494 1616 1575 πείσομαι
1644 1490 1867 1578 μάχης.

455 1590 542 1660 σύ
569 1618 673 1660 τοι
703 1593 1100 1682 βραδύνεις,
1176 1587 1302 1660 οὐκ
1332 1590 1495 1679 ἐγώ,
1526 1596 1751 1661 δοκῶν
1778 1621 1839 1661 τι
1872 1600 2056 1680 &pff-r.

463 1689 720 1762 οὔκουν
745 1690 907 1786 ὁρᾷς
933 1723 1065 1783 μου
1095 1699 1317 1762 κῶλον
1350 1689 1439 1772 ὦς
1468 1696 1835 1781 ἐπείγεται;

459 1790 596 1881 ὁρῶ
629 1801 961 1867 δοκοῦντα
987 1802 1243 1884 μᾶλλον
1270 1790 1316 1880 ἦ
1340 1795 1724 1865 σπεύδοντά
1752 1818 1846 1865 σε.

459 1893 541 1966 οὐ
570 1895 777 1968 ταύτὰ
807 1901 1046 1986 λέξεις,
1084 1893 1266 1984 ἡνίκ’
1300 1893 1384 1967 ἂν
1412 1897 1697 1987 λεύσσῃς
1723 1896 1797 1985 μ’
1832 1901 1984 1968 ἐκεῖ,

459 2006 530 2068 τί
552 2006 853 2090 δρῶντας
882 2008 1255 2090 βουλοίμην
1283 1996 1349 2069 δ’
1384 1996 1468 2069 ἂν
1498 1996 1912 2087 εὖτυχοῦντά
1944 2033 2032 2085 ys-

461 2099 553 2172 δι’
588 2100 867 2186 ἀσπίδος
895 2110 1213 2173 θείνοντα
1244 2110 1583 2191 πολεμίων
1611 2103 1779 2171 τινά.

468 2209 532 2272 εἰ
558 2205 642 2293 δή
671 2204 834 2275 ποθ’
867 2202 1111 2294 ἥξομέν
1139 2226 1247 2292 γε·
1280 2212 1478 2274 τοῦτο
1504 2202 1634 2295 γὰρ
1666 2205 1896 2293 φόβος.

459 2333 592 2395 φευ
615 2330 628 2343 ·

464 2406 627 2497 εἴθ’,
660 2399 715 2479 ὦ
743 2417 1075 2501 βραχίων,
1107 2406 1256 2481 οἷον
1283 2407 1626 2498 ἡβήσαντά
1654 2432 1730 2479 σε

459 2510 838 2601 μεμνήμεθ’
870 2510 1092 2601 ἡμεῖς,
1124 2509 1325 2601 ἡνίκα
1354 2511 1478 2594 ξὺν
1497 2509 1815 2601 (Ηρακλεῖ

460 2614 785 2705 Σπάρτην
811 2612 1164 2705 ἐπόρθεις,
1195 2614 1537 2703 σύμμαχος
1563 2613 1787 2701 γένοιό
1813 2643 1916 2700 μοι

460 2724 795 2806 τοιοῦτος,
826 2712 965 2797 οἷος
993 2712 1079 2786 ἂν
1107 2716 1366 2807 τροπὴν
1393 2714 1811 2806 Εὐρυσθέως

459 2822 745 2906 θείμην·
787 2821 936 2887 ἐπεί
962 2847 1062 2889 τοι
1095 2821 1206 2889 καὶ
1242 2820 1442 2901 κακὸς
1476 2824 1700 2908 μένειν
1737 2822 1920 2912 δόρυ.

465 2924 648 2989 ἔστιν
676 2917 741 2988 δ’
775 2923 849 2989 ἐν
876 2916 1057 3012 ὄλβῳ
1086 2922 1198 2989 καὶ
1225 2917 1371 2990 τόδ’
1411 2918 1537 2990 οὐκ
1568 2917 1793 3009 ὀρθῶς
1822 2927 1992 3009 ἔχον.

462 3017 788 3109 εὐψυχίας
820 3022 1121 3110 δόκησις·
1154 3023 1480 3111 οἰόμεσθα
1507 3020 1633 3112 γὰρ

459 3120 580 3191 τὸν
608 3121 1025 3212 εὐτυχοῦντα
1053 3122 1249 3195 πάντ’
1284 3129 1683 3195 ἐπίστασθαι
1713 3134 1944 3205 καλῶς.

461 3232 546 3313 γᾶ
573 3228 688 3297 καὶ
715 3226 1082 3315 παννύχιος
1113 3227 1360 3298 σελάνα

460 3330 573 3397 καὶ
608 3329 1061 3419 λαμπρόταται
1090 3337 1263 3400 θεοῦ

858 3446 961 3503 748
979 3474 1052 3483 -
1073 3447 1175 3503 758
1198 3472 1288 3500 =
1315 3448 1416 3504 759
1436 3474 1508 3482 -
1528 3447 1629 3501 769

2123 93 2247 157 311

2052 380 2060 392 ’“
2072 376 2136 456 ἔμ
2152 400 2221 448 (vg
2233 428 2245 436 .
