2492 3900
342 140 468 202 220
1184 140 1303 196 ΕΛ
1314 139 1494 198 ΕΝΗ

571 310 771 398 γέρας
799 303 881 376 οὐ
914 307 1147 395 γέρας,
1178 301 1327 372 ἀλλ’
1364 310 1512 392 ἔριν

572 415 873 480 Δαναῶν
898 409 1195 496 νεφέλαν
1222 407 1334 475 ἐπὶ
1359 405 1608 474 ναυσὶν
1635 402 1842 496 α’γων,
2231 424 2358 478 1135

578 517 859 582 εἴδωλον
890 507 1041 599 ἱρὸν
1058 505 1291 598 ”Ηρας.

576 611 615 684 ὅ
642 642 705 683 τι
734 611 896 692 θεὸς
923 607 967 698 ἢ
992 609 1083 699 μὴ
1110 608 1276 690 θεὸς
1302 604 1346 696 ἢ
1373 606 1448 677 τὸ
1477 609 1704 696 μέσον,
2085 627 2228 697 στρ.

577 723 677 796 τίς
706 711 861 802 φησ)
894 709 1262 801 ἐρευνήσας
1287 717 1552 800 βροτῶν

576 813 993 905 μακρότατον
1024 816 1230 902 πέρας
1260 810 1508 900 εὑρεῖν,

576 914 648 998 ὃς
674 915 755 986 τὰ
783 921 971 986 θεῶν
998 917 1202 1007 ἐσορᾷ
2235 929 2365 982 1140

578 1025 785 1108 δεῦρο
814 1019 927 1088 καὶ
954 1008 1162 1098 αὖθις
1190 1019 1406 1088 ἐκεῖσε
2442 1011 2444 1014 ’
2471 1057 2480 1142 ρ

576 1123 689 1192 καὶ
720 1121 926 1190 πάλιν
954 1116 1329 1206 ἀντιλόγοις

577 1219 877 1312 πηδῶντ’
910 1219 1334 1300 ἀνελπίστοις
1360 1218 1620 1306 τύχαις;

575 1324 663 1394 σὺ
689 1323 858 1406 Διὸς
888 1331 1091 1412 ἔφυς,
1124 1313 1179 1391 ῶ
1205 1318 1469 1408 Ἑλένα,
1497 1319 1804 1409 θυγάτηρ
1823 1341 1838 1357 ·

576 1425 825 1505 πτανὸς
851 1424 982 1515 γὰρ
1010 1427 1084 1495 ἐν
1110 1424 1384 1504 κόλποις
1411 1444 1484 1492 σε
1510 1423 1654 1510 Λή-
2237 1439 2378 1492 1145

579 1532 698 1607 δας
725 1528 1049 1596 ἐτέκνωσε
1076 1526 1313 1616 πατήρ.

577 1632 686 1694 καὶ
717 1624 864 1712 ἰαχὴ
892 1627 976 1714 σὴ
1010 1625 1170 1696 καθ’
1195 1625 1544 1696 Ἑλλανίαν

578 1725 807 1810 ἄδικος
835 1726 1151 1818 προδότις
1178 1725 1452 1809 ἄπιστος
1480 1725 1682 1809 ἄθεος
1702 1750 1715 1765 ·
1748 1722 1903 1798 οὐδ’
1938 1733 2064 1814 ἔχω

581 1837 652 1901 τί
676 1829 750 1901 τὸ
786 1832 1029 1919 σαφές,
1060 1827 1100 1900 ὅ
1128 1859 1189 1900 τι
1220 1827 1367 1902 ποτ’
1407 1833 1482 1899 ἐν
1525 1837 1810 1920 βροτοῖς.

578 1931 651 2005 τό
683 1941 870 2006 θεῶν
898 1941 1053 2016 ἔπος
1080 1928 1329 2014 ἀλαθὲς
1354 1924 1584 2023 ηὗρον.
2235 1949 2377 2001 1150
2491 1944 2492 1958 ¹

580 2034 875 2127 ἄφρονες
902 2034 1047 2107 ὅσοι
1076 2033 1191 2117 τὰς
1218 2032 1457 2125 ἀρετὰς
1487 2036 1752 2128 πολέμῳ
2081 2029 2227 2103 ἀντ.

577 2145 831 2209 κτᾶσθε
861 2137 1057 2228 δορὸς
1085 2135 1368 2207 ἀλκαίου
1397 2138 1664 2226 λόγχαι-

578 2261 688 2307 σιν
718 2238 1257 2327 καταπαυόμενοι
1287 2239 1413 2310 πό-

578 2366 743 2419 νους
768 2346 1047 2409 θνατῶν
1074 2337 1377 2421 ἀπαθῶς.

580 2448 643 2513 εἰ
665 2439 794 2532 γὰρ
824 2437 1068 2531 ἅμιλλα
1094 2458 1318 2532 κρινεῖ
1340 2471 1451 2514 νιν
2233 2458 2381 2511 1155

576 2550 880 2635 αἳματος,
912 2542 1149 2616 οὔποτ’
1184 2552 1323 2636 ἔρις

575 2654 795 2730 λείψει
824 2645 971 2718 κατ’
1006 2645 1397 2738 ἀνθρώπων
1423 2644 1670 2728 πόλεις.

580 2753 653 2816 αἳ
680 2754 1050 2835 Πριαμίδος
1090 2759 1215 2839 γᾶς
1254 2756 1488 2820 ἔλιπον
1519 2746 1888 2837 θαλάμους,

577 2847 727 2932 ἐξὸν
756 2854 1131 2939 διορθῶσαι
1161 2850 1385 2939 λόγοις

574 2949 703 3020 σὰν
732 2958 912 3041 ἔριν,
944 2942 999 3021 ῶ
1031 2946 1282 3022 Ἑλένα.
2231 2966 2380 3021 1160

576 3059 709 3122 νῦν
740 3049 805 3122 δ’
839 3059 907 3123 οἳ
930 3054 1055 3143 μὲν
1079 3050 1277 3147 ’Ἅιδᾳ
1303 3057 1615 3143 μέλονται
1644 3053 1845 3142 κάτω,

573 3162 791 3242 τείχεα
818 3156 894 3227 δὲ
921 3156 1252 3247 φλογερὸς
1292 3153 1459 3227 ῶστε
1484 3154 1655 3238 Διὸς
1695 3159 1975 3227 ἐπέσυτο
2003 3152 2198 3240 φλόξ,

572 3259 680 3327 ἐπὶ
708 3258 785 3328 δὲ
816 3259 1041 3329 πάθεα
1070 3260 1318 3329 πάθεσι
1349 3262 1574 3349 φέρεις

573 3354 843 3441 ἀθλίοις
870 3363 945 3431 ἐν
972 3377 1352 3453 συμφοραῖς
1377 3368 1679 3443 αἰλίνοις.

905 3476 1286 3533 1137-1150
1311 3494 1394 3521 ·“-“-’
1419 3476 1798 3531 1151-1164
