2492 3900
331 129 572 182 XXVIII
897 127 996 178 DE
1031 124 1405 177 EVRIPIDIS
1440 123 1748 178 INGENIO

461 278 796 356 Elegiacam
836 294 1074 356 quoque
1131 285 1190 336 et
1233 275 1503 338 melicam
1560 274 2330 360 poesin-Euripides-atti-

337 367 451 442 git:
500 361 687 422 exiles
726 360 902 422 huius
947 362 1185 438 generis
1229 358 1512 438 reliquias
1555 359 1739 420 habes
1780 363 1845 422 in
1888 360 2127 438 Bergkii
2170 361 2324 440 Lyr.

339 447 430 508 ed.
478 445 577 507 alt.
624 463 682 524 p.
729 447 850 504 471
897 461 984 523 sq.
1064 459 1214 520 quae
1270 459 1408 504 vero
1450 441 1801 524 Euripideae
1853 444 2130 505 seruntur
2186 448 2327 524 epi-

337 528 539 600 stolae,
587 547 688 590 eas
727 527 804 589 ab
845 529 1170 607 impostore
1209 526 1377 587 iictas
1407 545 1539 589 esse
1582 533 1719 604 post
1758 527 2012 590 Bentleii
2048 527 2330 606 disputa-

339 617 560 674 tionem
607 612 1104 691 (abhandlunoen
1158 611 1303 670 iiber
1346 611 1455 672 die
1498 610 1713 684 Briefe
1765 612 1870 672 des
1909 612 2199 672 Phalaris
2258 631 2325 692 p.

339 699 696 760 557—574
752 695 844 757 ed.
891 692 1200 771 Ribbeck.)
1258 711 1435 756 nemo
1488 711 1667 754 sanus
1721 693 1981 774 amplius
2045 695 2326 774 negabit:

340 790 538 842 utrum
597 779 832 840 Sabin-io
887 775 1138 839 Pollioni
1155 775 1226 855 ⁴⁵)
1284 793 1359 837 an
1418 775 1516 838 alii
1579 777 1932 841 tribuendae
1986 777 2132 850 sint,
2190 797 2333 841 non

341 872 590 926 constat.

469 947 753 1027 Sequitur
795 953 862 1006 nt
905 945 978 1007 de
1021 947 1261 1025 ingenio
1304 954 1365 1008 et
1406 955 1537 1008 arte
1581 947 1876 1026 Euripidis
1922 965 2108 1028 pauca
2150 948 2331 1010 dica-

341 1049 488 1094 mus.
552 1048 704 1111 quae
745 1029 972 1092 lubrica
1019 1038 1110 1092 est
1153 1033 1397 1092 materia
1441 1034 1503 1092 in
1549 1030 1955 1092 diversissimis
2000 1031 2331 1094 doctorum

343 1125 404 1178 et
431 1116 789 1193 elegantium
813 1112 1124 1175 'hominum
1155 1113 1411 1183 iudiciis,
1444 1123 1620 1193 atque
1652 1124 1827 1192 auget
1852 1118 1949 1176 -rei
1981 1113 2333 1178 molestiam

344 1199 490 1262 illud
537 1198 697 1278 quod
741 1196 980 1259 brevem
1029 1205 1087 1258 et
1129 1200 1425 1258 concisa-m
1469 1198 1931 1276 disputationem
1973 1199 2333 1262 sectandam

343 1284 490 1346 mihi
533 1283 724 1351 video,
773 1299 887 1360 qua
933 1279 1078 1342 nihil
1121 1282 1237 1342 nisi
1280 1283 1518 1360 fastigia
1559 1299 1763 1344 rerum
1806 1281 1984 1344 liceat
2024 1287 2330 1362 perstrin-

347 1387 506 1446 gere.
598 1364 781 1426 nihilo
837 1364 1034 1426 minus
1087 1363 1463 1427 subeundum
1518 1365 1656 1426 duxi
1716 1365 2011 1434 laborem,
2072 1383 2193 1428 non
2254 1377 2337 1430 ut

348 1451 660 1528 imaginem
705 1447 1062 1530 Euripideae
1104 1466 1353 1529 poeseos
1398 1451 1819 1528 exprimerem,
1875 1450 1978 1510 sed
2024 1458 2088 1510 ut
2128 1449 2331 1512 linea·

348 1544 543 1597 menta
609 1533 897 1614 quaedam
967 1531 1405 1594 adumbrarem.
1492 1531 1858 1594 laudatorem
1930 1541 2141 1612 poetae
2216 1546 2336 1597 aut

347 1623 808 1698 vituperatorem
853 1633 1030 1694 agere
1073 1616 1336 1677 alienum
1369 1614 1677 1677 videbatur
1722 1616 1795 1678 ab
1839 1617 2017 1678 huius
2052 1617 2333 1697 disputa-

349 1705 527 1764 tionis
585 1700 862 1762 consilio:
919 1701 1106 1778 magis
1162 1701 1337 1760 etiam
1382 1719 1415 1760 a
1468 1701 1773 1780 proposito
1818 1700 2220 1772 aberrassem,
2268 1709 2333 1768 si

351 1805 453 1848 eos
497 1787 597 1865 qui
643 1783 825 1845 altera
855 1793 988 1844 utra
1031 1790 1198 1863 parte
1229 1782 1615 1862 deliquissent
1657 1785 2009 1863 impugnare.
2034 1794 2331 1866 temptas·

349 1889 472 1932 sem
519 1879 578 1932 et
618 1866 914 1931 refellere.
1332 1937 1337 1940 ¹
1868 1939 1873 1943 ¹

479 1955 793 2033 Nunquam
854 1954 1168 2033 Euripides
1220 1952 1478 2014 civilium
1533 1970 1733 2015 rerum
1778 1953 2057 2017 fluctibus
2099 1972 2163 2016 se
2208 1957 2331 2019 im·

349 2038 574 2107 mersit,
620 2038 724 2099 sed
770 2045 1033 2098 remotus
1077 2055 1108 2097 a
1152 2040 1405 2115 strepitu
1458 2036 1681 2098 forensi
1724 2040 1878 2100 intra
1932 2040 2189 2119 parietes
2220 2042 2331 2101 *vi-

349 2132 471 2183 tam
516 2122 678 2199 degit
717 2124 842 2181 otio
873 2119 1218 2189 dedicatam,
1264 2120 1669 2199 philosophiae
1713 2130 2067 2201 et‘poeseos
2108 2124 2335 2188 studiis

349 2210 656 2267 intentam.
745 2203 904 2283 quo-d
948 2203 1262 2265 umbratile
1307 2206 1457 2265 vitae
1511 2222 1699 2283 genus
1736 2212 1802 2265 ut
1844 2222 1876 2266 a
1920 2209 2147 2267 nostr-is
2190 2226 2332 2269 mo·

348 2290 519 2357 ribus
551 2296 611 2349 et
637 2286 846 2347 studiis
873 2289 1117 2349 minime
1149 2286 1447 2359 abhorret,
1492 2291 1573 2349 ita
1602 2288 1900 2351 veteribus
1928 2291 2091 2351 iners
2134 2292 2333 2353 visum

353 2382 444 2433 est
487 2382 548 2435 et
588 2370 960 2450 probrosum.
1050 2370 1210 2433 nulla
1267 2380 1463 2433 tamen
1508 2392 1573 2433 re
1616 2372 1829 2435 adduci
1880 2378 2074 2453 potuit
2126 2386 2331 2455 poeta,

353 2466 418 2517 ut
461 2458 774 2517 stationem
816 2463 981 2517 certo
1025 2454 1269 2517 consilio
1327 2456 1612 2518 delectam
1658 2457 1963 2519 desereret
2018 2466 2076 2519 et
2118 2476 2151 2518 a
2194 2460 2328 2521 Mu-

353 2558 551 2601 sarum
598 2538 1050 2620 Gratiarumque
1095 2542 1453 2603 commercio
1498 2538 1981 2619 divellereturffl).
2070 2542 2337 2605 laudavit

491 2741 582 2802 45)
619 2742 752 2790 Vita
787 2740 942 2791 Arati
968 2740 1055 2795 ed.
1082 2741 1261 2791 West.
1301 2755 1351 2803 p.
1378 2740 1443 2791 55
1467 2754 1571 2803 uqa
1608 2733 1710 2798 τὰς
1746 2730 1806 2788 δ’
1836 2730 2069 2804 Ἀοᾶτου
2104 2734 2331 2795 ἐπιστο-

354 2800 458 2868 λὰς
481 2832 544 2845 -
579 2798 754 2871 μόνος
781 2798 1198 2873 Ἀπολλωνίδης
1231 2798 1263 2857 ὁ
1292 2800 1551 2873 Νικαεὺς
1587 2800 1644 2867 (ὁ
1670 2798 1911 2889 Κηφεῦς
1945 2814 2079 2860 ante
2115 2810 2327 2875 Bentl.)

355 2868 416 2927 ἐν
452 2874 530 2959 ²93
565 2867 621 2953 n:
653 2871 784 2951 uagi
807 2872 1275 2957 κατεψευσμένης
1299 2864 1681 2961 {creptae-origi
1708 2866 2066 2955 saque-adt&
2094 2868 2335 2961 Ἀράτου

355 2938 2120 3075 {5222'22‘37223055322435atim?{55020202552‘1'1'3‘3’22223’
2144 2960 2337 3065 Ξιηῗιέζ

354 3074 667 3142 Σαβιριόυε
709 3076 867 3127 euius
889 3075 1008 3125 loco
1036 3071 1325 3137 Σαβιδίου
1349 3075 1525 3124 suasit
1549 3074 1859 3139 Bentleius,
1899 3076 2133 3128 Ασινίου
2158 3078 2335 3145 Berg-

357 3143 500 3202 kius‚
538 3141 825 3207 Σαβινίου
859 3141 948 3192 vel
986 3137 1271 3205 Γαβινίου
1306 3141 1399 3191 vel
1426 3133 1719 3207 Ῥαβιρίου
1754 3142 2225 3195 Westermannus.

487 3207 582 3275 46)
619 3210 786 3285 Herc:
830 3208 904 3287 Ρη
943 3210 1069 3259 673;
1124 3201 1194 3258 οὕ
1245 3199 1544 3273 παύσομαι
1595 3202 1701 3269 τοὶς
1753 3202 2007 3273 Χάριτας
2059 3201 2335 3273 Μούσαις

355 3291 836 3342 συγκαταμιγνυς,
872 3272 1120 3326 aarum
1153 3274 1447 3342 συζυγίαν.
1518 3281 1581 3327 ut
1615 3276 1719 3327 boo
1755 3276 1879 3329 loeo
1914 3279 1995 3329 ita
2028 3278 2165 3329 alibi
2203 3294 2337 3331 sae-

355 3346 578 3408 pissime
615 3344 701 3391 sui
745 3343 916 3392 animi
949 3343 1285 3393 sententiam
1328 3348 1495 3408 poeta
1544 3346 1755 3409 aperit,
1800 3344 1945 3411 quod
1980 3345 2147 3397 semel
2190 3346 2336 3397 indi-

357 3424 518 3460 casse
556 3406 814 3486 sufficiet.
883 3409 953 3458 de
986 3410 1143 3461 vitae
1187 3409 1446 3475 publicae
1492 3410 1756 3490 periculis
1792 3416 1847 3461 et
1890 3412 1991 3463 otii
2026 3413 2335 3465 securitate

355 3477 430 3526 cf.
457 3476 576 3527 Ion.
603 3476 729 3526 695:
765 3490 839 3540 ην
877 3467 937 3528 δ’
977 3472 1059 3537 εἰς
1093 3468 1158 3528 τὸ
1195 3475 1417 3545 πρῶτον
1440 3478 1648 3540 waltoff
1668 3470 1955 3545 ὁρμηθεὶς
1980 3469 2153 3545 ζυγόν
2186 3476 2337 3547 ζητῶ
