2492 3900
855 208 860 217 ·
983 178 1392 237 ΙΚΕΤῙΔΕΣ
2066 174 2188 240 373

402 357 623 429 ἔτεκες
649 350 763 417 καὶ
791 348 880 416 σύ
907 344 1082 433 ποτ’,
1113 336 1170 417 ὦ
1196 347 1470 435 πότνια,
1506 354 1761 438 κοῦρον
1944 370 2084 436 στρ.

404 458 570 540 φίλα
601 452 1017 537 ποιησαμένα
2121 467 2189 519 55
2314 504 2318 513 ,

401 555 643 641 λέκτρα
670 552 863 621 πόσει
891 557 988 645 σῷ
1006 572 1020 587 ·
1051 553 1213 638 μέτα
1240 578 1373 619 νυν

403 653 521 735 δὸς
550 654 694 740 ἐμοὶ
724 660 843 733 σᾶς
877 657 1196 739 διανοίας,

404 754 686 844 μετάδος
715 752 808 841 δ’,
839 752 1044 825 ὅσσον
1073 759 1339 843 ἐπαλγῶ
1367 758 1573 843 μελέα

403 865 541 926 τῶν
567 859 926 945 φθιμένων
951 853 1072 937 οὓς
1102 864 1360 926 ἔτεκον·

405 958 822 1047 παράπεισον
851 960 926 1028 δὲ
947 954 1021 1027 τό
1050 958 1198 1047 σόν,
1218 956 1582 1046 λισσόμεθ’,
1606 960 1838 1028 ἐλθεῖν
2120 975 2191 1030 60

406 1062 644 1130 τέκνον
664 1057 968 1148 Ἰσμηνὸν
1000 1063 1166 1148 ἐμάν
1197 1058 1259 1128 τ’
1297 1067 1389 1140 εἰς
1416 1061 1577 1149 χέρα
1604 1071 1833 1147 θεῖναι

406 1162 674 1232 νεκύων
701 1159 1002 1254 θαλερὸν
1028 1172 1218 1251 σῶμα
1245 1169 1563 1243 ταλαίνας
1590 1159 1889 1250 ἀτάφων.

407 1262 604 1344 ὁσίως
635 1261 789 1351 οὔχ,
820 1261 939 1333 ὑπ’
972 1261 1264 1352 ἀνάγκας
1290 1264 1367 1337 δὲ
1394 1271 1814 1354 προπίπτου-
1945 1261 2086 1333 ἀντ.

405 1388 490 1436 σα
520 1363 951 1454 προσαιτοῦσ’
985 1374 1224 1454 ἔμολον

411 1468 814 1556 δεξιπύρους
839 1476 1027 1538 θεῶν
1052 1471 1353 1555 θυμέλας
1369 1490 1384 1505 ’

409 1578 645 1658 ἔχομεν
671 1568 737 1640 δ’
771 1575 1031 1641 ἔνδικα·
1061 1572 1174 1639 καὶ
1203 1577 1317 1639 σοί
2122 1585 2192 1641 65

408 1699 471 1741 τι
501 1672 776 1761 πάρεστι
807 1677 1050 1755 σθένος
1079 1670 1238 1741 ὥστ’
1275 1669 1585 1763 εὐτεκνίᾳ

411 1778 780 1862 δυστυχίαν
807 1774 932 1843 τάν
958 1772 1119 1863 παρ’
1155 1776 1301 1861 ἐμοὶ

408 1885 760 1945 καθελεῖν·
794 1874 1025 1964 οἰκτρὰ
1055 1875 1130 1944 δὲ
1155 1873 1479 1963 πάσχουσ’
1516 1875 1791 1945 ἱκετεύω

409 1977 530 2049 τὸν
558 1977 720 2066 ἐμὸν
751 1983 960 2046 παῖδα
987 1975 1246 2046 τάλαιν’
1280 1981 1353 2046 ἐν
1382 1981 1529 2068 χερὶ
1555 1989 1784 2047 θεῖναι

406 2083 615 2150 νέκυν
643 2077 1050 2167 ἀμφιβαλεῖν
1077 2076 1296 2167 λυγρὰ
1324 2083 1488 2168 μέλη
1518 2077 1755 2160 παιδὸς
1791 2081 1978 2167 ἐμοῦ.
2126 2091 2195 2149 70

410 2179 598 2270 ἀγὼν
629 2179 736 2251 ὅδ’
769 2179 968 2262 ἀλλος
995 2188 1272 2268 ἔρχεται,
1306 2183 1463 2269 γόος
1496 2183 1679 2270 γόων
1950 2201 2090 2263 στρ.

412 2281 724 2371 διάδοχος
741 2307 756 2321 ·
793 2281 1073 2372 ἀχοῦσιν
1101 2283 1464 2371 προπόλων
1488 2287 1697 2375 χέρες.

411 2383 495 2454 l't'
532 2377 587 2454 ὦ
626 2387 916 2478 ξυνῳδοὶ
943 2401 1193 2472 κακοῖς,

411 2485 498 2556 ἴτ’
541 2479 596 2556 ὦ
634 2486 1146 2574 ξυναλγηδόνες,

409 2588 612 2677 χορὸν
638 2586 1000 2669 τὸνἍιδας
1036 2591 1237 2674 σέβει,
2126 2598 2195 2656 75

413 2689 528 2760 διὰ
556 2697 852 2782 παρῇδος
880 2688 1090 2776 ὄνυχα
1119 2688 1368 2758 λευκὸν

418 2798 778 2880 αἱματοῦτε
801 2793 1026 2883 χρῶτά
1053 2819 1122 2862 τε
1153 2791 1396 2879 φόνιον
1413 2813 1428 2828 ·

412 2895 492 2963 τὰ
518 2895 647 2986 γὰρ
675 2902 950 2986 φθιτῶν
974 2909 1112 2975 τοῖς
1139 2891 1348 2983 ὁρῶσι
1374 2894 1639 2982 κόσμος.

412 2993 745 3087 ἄπληστος
773 2994 894 3066 ἅδε
925 2993 997 3085 μ’
1031 2997 1248 3084 ἐξάγει
1278 2997 1465 3086 χάρις
1492 2996 1676 3085 γόων
1948 2993 2090 3068 ἀντ.

412 3099 826 3186 πολύπονος,
859 3095 948 3178 ὥς
974 3101 1038 3180 ἐξ
1071 3095 1391 3185 ἀλιβάτου
1420 3102 1662 3190 πέτρας
2124 3115 2196 3170 80

409 3197 588 3290 ὑγρὰ
617 3207 864 3293 ῥέουσα
890 3201 1176 3288 σταγών,

408 3299 746 3387 ἄπαυστος
779 3300 884 3372 ἀεὶ
909 3302 1092 3392 γόων
1109 3325 1123 3338 ·

879 3420 948 3474 54
966 3447 1041 3456 -
1056 3420 1125 3476 62
1149 3441 1236 3469 =
1262 3419 1332 3473 63
1348 3445 1423 3456 --·
1441 3417 1511 3475 70

869 3523 930 3578 71
950 3547 1026 3559 --·
1045 3522 1112 3577 78
1139 3547 1224 3575 =
1253 3521 1320 3577 79
1342 3547 1415 3558 --
1434 3521 1507 3576 86
