2492 3900
301 156 417 219 132

298 324 443 385 KA.

292 408 430 468 ΑΓ.

292 492 441 552 ΚΑ.

297 658 443 718 ΚΑ.

293 741 434 802 ΑΓ.

167 888 170 893 .
293 825 442 887 ΚΑ.

294 992 440 1053 ΚΑ.

294 1076 433 1137 ΑΓ.

296 1160 442 1220 KA.

293 1243 434 1304 ΑΓ.

297 1326 445 1386 ΚΑ.

298 1578 436 1639 ΑΓ.

300 1661 364 1722 K
368 1662 444 1723 A.

1160 160 1489 217 ΒΑΚΧΑΙ

527 314 796 423 δύστην’
826 312 1108 423 ἀλήθει’,
1135 312 1226 395 ὡς
1247 318 1323 382 ἐν
1347 314 1431 383 οὐ
1458 322 1670 421 καιρῷ
1678 316 1909 423 πάρει.

523 398 678 509 λέγ’,
711 397 800 480 ὥς
820 398 896 467 τὸ
922 403 1166 485 μέλλον
1187 404 1429 485 καρδία
1454 385 1695 486 πήδημ’
1724 404 1874 486 ἔχει.

526 486 613 552 σύ
635 511 747 551 νιν
771 486 1084 561 κατέκτας
1108 486 1218 549 καὶ
1215 489 1635 593 κασίγνηται
1660 487 1882 553 σέθεν.

521 574 657 635 ποῦ
681 566 751 635 δ’
781 566 1001 678 ὤλετ’ς
1030 564 1071 653 ἦ
1097 564 1231 633 κατ’
1263 564 1483 648 οἷκον;
1511 563 1553 653 ἢ
1579 573 1795 647 ποίοις
1818 570 2078 651 τόποις;

524 644 737 757 οὗπερ
763 653 924 735 πρὶν
942 648 1305 719 Ἀκταίωνα
1331 652 1637 736 διέλαχον
1658 651 1881 729 κύνες.

519 733 668 803 τίδ’
701 740 793 815 εἰς
815 731 1187 838 Κιθαιρων’
1213 726 1386 821 ἦλθε
1412 739 1801 819 δυσδαίμων
1820 734 1975 819 ὅδε,

524 818 864 927 ἐκερτόμει
893 817 1064 886 θεὸν
1089 817 1209 898 σάς
1230 843 1302 885 τε
1324 825 1636 925 βακχείας
1656 819 1906 905 μολω’ν.

525 900 711 1006 ἡμεῖς
735 901 801 970 δ’
831 906 1042 970 ἐκεῖσε
1064 908 1196 969 τίνι
1220 927 1449 993 τροπῳ
1472 928 1889 1007 κατηραμεν;

521 986 837 1093 ἐμάνητε,
864 987 1041 1054 πᾶσά
1065 985 1115 1053 τ’
1146 989 1210 1067 ἐξ
1179 970 1596 1091 ξεβακχεύθη
1622 990 1832 1067 πόλις.

523 1038 864 1150 Διόνυσος
892 1067 1064 1157 ἡμᾶς
1087 1068 1303 1157 ωλεσ),
1329 1095 1481 1175 αρτι
1504 1071 1857 1176 μανθάνω.

526 1151 690 1263 ὑμῖν
710 1152 1092 1243 ὑβρισθείς
1139 1122 1311 1223 θεὸν
1334 1155 1463 1240 γὰρ
1486 1152 1610 1240 οὐχ
1631 1150 1912 1259 ᾑγεῖσθέ
1931 1180 2058 1221 νιν.

524 1264 599 1305 το
629 1244 982 1345 φίλτατον
977 1239 1050 1306 δὲ
1075 1259 1268 1323 σωμα
1291 1245 1428 1306 ποῦ
1448 1240 1719 1347 παιδός,
1744 1240 1981 1323 πάτερ;

538 1325 667 1428 ἐγω
694 1325 893 1428 μόλις
908 1319 1051 1390 τόδ’
1089 1322 1526 1409 ἐξερευνήσας
1549 1326 1752 1409 φέρω.

526 1398 569 1490 ἦ
528 1412 729 1538 *ποῖν
751 1408 825 1538 εῖν
848 1404 1701 1540 αρθροις*συγκε;ιλῃμέζον
1718 1413 1978 1540 ἱ’καλῴωςς

521 1582 784 1641 Πενθεῖ
800 1576 874 1641 δὲ
896 1579 964 1641 τί
980 1578 1180 1679 μέρος
1201 1574 1597 1683 ἀφροσύνης
1620 1572 1893 1679 προσῆκ’
1924 1575 2111 1660 ἐμῆς;

527 1654 705 1763 ὑμῖν
714 1656 965 1743 ἐγένεθ’
1007 1656 1267 1763 ὅμοιος,
1295 1654 1378 1725 οὐ
1405 1661 1621 1746 σέβων
1642 1659 1831 1727 θεόν.

523 1739 757 1849 τοιγὰρ
781 1748 1044 1847 συνῆψε
1070 1743 1323 1822 πάντας
1350 1747 1441 1822 είς
1464 1749 1622 1828 μίαν
1646 1744 1929 1847 βλάβην,

521 1823 696 1933 ὑμᾶς
715 1851 784 1892 τε
807 1826 1005 1894 τόνδε
1027 1823 1119 1913 θ’,
1144 1824 1315 1893 ωστε
1338 1829 1631 1894 διολέσαι
1656 1826 1907 1912 δόμους

523 1907 671 1997 καμ’
679 1962 698 1997 ,
723 1906 905 1990 ὅστις
928 1876 1206 1991 ἄτεκνος
1234 1907 1541 2018 ἀρσένων
1565 1914 1823 1980 παίδων
1847 1934 2057 1997 γεγως

527 2001 644 2081 τῆς
672 2002 791 2081 σῆς
814 1992 957 2062 τόδ’
985 2000 1212 2102 ἔρνος,
1237 2021 1289 2061 ω
1317 1994 1599 2063 τάλαινα
1616 1997 1912 2102 ,νηδύος

526 2087 827 2186 αἴσχιστα
851 2080 962 2146 καὶ
983 2079 1265 2148 κάκιστα
1288 2046 1701 2147 κατθανόνθ’
1730 2076 1889 2187 ὁρω,

520 2155 578 2252 ᾦ
601 2159 760 2267 δῶμ’
791 2150 1098 2269 ἀνέβλεφ’
1107 2213 1124 2248 ,
1150 2160 1225 2242 ὃς
1256 2177 1586 2267 συνεῖχες,
1615 2190 1666 2229 ω
1692 2164 1951 2266 τέκνον,

525 2232 782 2348 τουμόν
806 2247 1180 2351 μέλαθρον,
1206 2244 1443 2326 παιδὸς
1467 2249 1531 2327 ἐξ
1558 2250 1716 2333 ἐμῆς
1742 2247 1973 2332 γεγώς,

525 2328 717 2395 πόλει
740 2354 810 2395 τε
833 2328 1076 2416 τάρβος
1096 2321 1309 2438 ᾖσθα·
1357 2329 1477 2396 τὸν
1501 2334 1795 2435 γέροντα
1815 2331 1889 2397 δὲ

527 2409 752 2491 οὐδεὶς
775 2409 1073 2517 ὑβρίζειν
1096 2408 1281 2518 ηθελ’
1312 2419 1595 2498 εἰσορῶν
1620 2415 1693 2481 τὸ
1723 2414 1847 2481 σὸν

527 2493 733 2582 κάρα·
781 2499 975 2602 δίκην
999 2496 1126 2585 γὰρ
1153 2493 1343 2578 ἀξίαν
1368 2499 1759 2602 ἐλάμβανεν.

527 2586 660 2648 νῦν
685 2577 749 2648 δ’
777 2581 849 2648 ἐκ
874 2579 1170 2688 δόμων”
1126 2606 1372 2690 ατιμος
1382 2581 1865 2668 ἐκβεβλήσομαι

524 2661 561 2732 6
587 2662 912 2751 Κάδμος’
880 2691 916 2733 ο
942 2668 1177 2770 μέγας,
1205 2691 1281 2742 ος
1305 2690 1378 2733 το
1406 2669 1722 2774 Θηβαίων
1746 2667 1940 2749 γένος

526 2753 800 2852 ἔσπειρα
822 2745 1164 2854 κάξήμησα
1187 2748 1544 2816 κάλλιστον
1563 2751 1797 2854 θέρος.

529 2857 581 2897 ω
597 2828 863 2934 φίλτατ’
879 2829 1195 2934 ἀνδρων,
1221 2831 1475 2919 καὶγὰρ
1502 2828 1715 2900 ουκέτ’
1744 2857 1843 2898 ων
1866 2829 2047 2916 ὅμως

529 2938 667 2981 των
677 2915 1036 3022 φιλτάτων
1058 2913 1263 3002 ἔμοιγ’
1293 2914 1689 3023 ἀριθμήσει,
1716 2916 1978 3002 τέκνον,

527 2994 752 3065 ουκέτι
777 3004 1042 3104 γενείου
1065 3004 1267 3066 τοῦδε
1289 3000 1644 3108 θιγγάνων
1672 3004 1834 3104 χερί,

2172 590 2313 645 1290

2170 1005 2307 1058 1295

2169 1424 2309 1477 1300

2172 1925 2304 1979 1305

2172 2346 2311 2398 1310

2168 2763 2309 2816 1315

528 3080 651 3149 τὸν
671 3080 920 3169 μητρὸς
944 3079 1178 3151 αυδων
1203 3085 1455 3190 πατέρα
1474 3083 1921 3187 προσπτύξει,
1947 3086 2211 3166 τέκνον,

528 3166 776 3270 λέγων·
801 3172 899 3248 τίς
922 3165 1169 3272 ἀδικεῖ,
1195 3172 1295 3246 τίς
1318 3165 1375 3234 θ’
1404 3163 1733 3271 ἀτιμάζει,
1760 3133 1996 3270 γέρόν;

531 3256 627 3329 τίς
641 3249 778 3356 σὴν
802 3251 1116 3335 ταράσσει
1139 3255 1424 3358 καρδίαν
1446 3248 1747 3359 λυπηρὸς
1762 3275 1894 3356 mv3

527 3329 684 3420 λέγ’,
711 3331 800 3441 ὥς
791 3337 1073 3439 κολάζω
1100 3336 1220 3405 τὸν
1244 3332 1615 3403 ἀδικοῦντά
1644 3331 1729 3422 σ’,
1756 3360 1807 3401 ω
1837 3332 2064 3438 πάτερ.

532 3423 663 3484 νῦν
688 3414 755 3485 δ’
784 3415 1022 3499 αθλιος
1043 3422 1166 3506 μέν
1191 3416 1310 3504 εἰμ’
1348 3418 1516 3508 ἐγώ,
1542 3386 1811 3522 τλήμων
1835 3416 1909 3485 δὲ
1931 3418 2040 3501 σύ,

530 3500 760 3589 οἰκτρὰ
796 3501 870 3570 δὲ
893 3503 1107 3590 μήτηρ
1125 3553 1144 3591 ,
1169 3505 1495 3590 τλήμονες
1496 3472 1593 3571 δὲ
1616 3502 1963 3587 σύγγονοι.

2175 3181 2316 3234 1320
