2492 3900
351 121 476 185 292

361 301 497 362 ΚΟ.

350 506 492 567 ΧΟ.

350 711 505 771 ΔΗ.

352 1016 494 1078 ΧΟ.

350 1322 504 1384 ΔΗ.

351 1423 494 1484 ΧΟ.

350 1699 504 1789 ΔΗ.

353 2134 498 2197 ΚΟ.

1085 123 1631 190 ΗΡΑΚΔΕῙΔΑΙ

583 287 750 380 πρὸς
777 300 1016 362 τοῦτον
1052 289 1238 380 ἁγῶν
1276 285 1406 379 άρα
1442 300 1646 363 τοῦδε
1684 305 1809 365 τοῦ
1845 299 2055 385 λόγου

581 391 844 481 μάλιστ’
877 389 966 463 ἄν
993 403 1096 482 εἴη
1113 415 1130 430 ·
1158 389 1366 461 τᾶλλα
1392 387 1461 461 δ’
1496 402 1751 481 εἴρηται
1778 392 2013 482 μάτην.

579 498 692 565 καὶ
717 495 853 585 μὴν
881 492 988 565 ὅδ’
1020 491 1220 576 αὐτὸς
1249 501 1506 584 ἔρχεται
1536 493 1846 583 σπουδὴν
1875 502 2047 583 ἔχων

575 596 857 688 Ἀκάμας
889 595 950 666 τ’
986 594 1313 686 ἀδελφός,
1343 594 1550 666 τῶνδ’
1586 597 1859 686 ἐπήκοοι
1888 598 2130 687 λόγων.

580 704 850 788 ἐπείπερ
881 707 1102 789 ἔφθης
1130 700 1427 787 πρέσβυς
1455 695 1553 768 ῶν
1579 703 1953 789 νεωτέρους
2264 721 2359 773 120

579 803 1047 892 βοηδρομήσας
1077 798 1269 890 τήνδ’
1304 799 1409 870 ἐπ’
1444 802 1732 892 ἐσχάραν
1760 803 1948 889 Διός,

581 905 806 993 λέξον,
838 913 937 986 τίς
965 901 1166 992 ὄχλον
1193 901 1380 974 τόνδ’
1412 901 1794 993 ἀθροίζεται
1822 904 2021 993 τύχης

579 1009 788 1077 ἱκέται
815 1008 1148 1096 κάθηνται
1177 1011 1411 1087 παῖδες
1438 1002 1571 1075 οἵδ’
1603 1003 2005 1096 Ἡρακλέους

579 1109 811 1199 βωμὸν
838 1111 1365 1190 καταστέψαντες
1392 1105 1483 1188 ῶς
1510 1104 1706 1200 ὁρᾷς,
1736 1105 1922 1194 ἅναξ,

583 1212 830 1304 πατρός
857 1241 929 1282 τε
957 1209 1187 1292 πιστὸς
1207 1207 1459 1291 Ἰόλεως
1490 1211 1928 1301 παραστάτης.
2274 1230 2363 1282 125

578 1322 649 1383 τί
677 1312 825 1400 δῆτ’
860 1320 1122 1403 ἰυγμῶν
1149 1310 1266 1402 ἥδ’
1300 1317 1511 1384 ἐδεῖτο
1546 1314 1867 1403 συμφορά
1881 1343 1902 1394 v;

576 1423 694 1506 βίᾳ
719 1444 831 1485 νιν
859 1408 1055 1496 οὗτος
1083 1413 1274 1503 τῆσδ’
1306 1413 1425 1485 ἀπ’
1458 1414 1737 1504 ἐσχάρας
1763 1412 1955 1504 ἄγειν

580 1524 792 1606 ζητῶν
817 1517 986 1607 βοὴν
1015 1526 1246 1605 ἔστησε
1272 1515 1619 1606 κάσφηλεν
1647 1517 1817 1605 γόνυ

579 1623 923 1709 γέροντος,
955 1616 1125 1690 ῶστε
1150 1616 1221 1707 μ’
1256 1623 1566 1707 ἐκβαλεῖν
1592 1629 1795 1712 οἴκτῳ
1820 1619 2059 1710 δάκρυ.

580 1723 691 1792 καὶ
717 1722 852 1810 μὴν
882 1721 1124 1812 στολήν
1150 1719 1218 1811 γ’
1248 1718 1538 1810 Ἕλληνα
1564 1713 1679 1790 καὶ
1706 1719 1977 1812 ῥυθμὸν
2005 1723 2287 1793 πέπλων

583 1831 749 1913 ἔχει,
783 1823 864 1894 τὰ
897 1822 960 1894 δ’
995 1832 1158 1914 ἔργα
1183 1825 1535 1914 βαρβάρου
1560 1822 1756 1912 χερὸς
1785 1822 1963 1892 τάδε.
2275 1841 2364 1896 131

581 1926 703 1999 σὸν
731 1927 814 2017 δὴ
845 1927 916 1997 τὸ
949 1928 1226 2017 φράζειν
1256 1929 1395 1997 ἐστὶ
1422 1925 1512 2015 μὴ
1538 1928 1809 2014 μέλλειν
1832 1922 1894 1995 τ’
1932 1929 2101 2014 ἐμοί,

586 2037 780 2111 ποίας
809 2028 1040 2120 ἀφῖξαι
1072 2036 1279 2120 δεῦρο
1313 2038 1435 2119 γῆς
1464 2026 1667 2119 ὅρους
1693 2028 1943 2110 λιπῶν;
1994 2065 2073 2151 Α

577 2129 871 2224 Ἀργεῖός
901 2140 1068 2221 εἰμι,
1104 2138 1301 2202 τοῦτο
1328 2130 1458 2221 γὰρ
1486 2132 1711 2212 θέλεις
1742 2140 2023 2219 μαθεῖν·

583 2230 692 2320 ἐφ’
729 2230 861 2303 οἶσι
889 2231 952 2302 δ’
992 2231 1134 2321 ἥκω
1163 2235 1276 2302 καὶ
1303 2231 1464 2323 παρ’
1500 2223 1585 2303 οὗ
1611 2236 1835 2321 λέγειν
1866 2234 2071 2301 θέλω.
2277 2248 2362 2303 135

583 2334 825 2422 πέμπει
853 2342 1212 2424 Μυκηνῶν
1241 2335 1449 2427 δεῦρό
1481 2332 1553 2422 μ’
1586 2332 2000 2425 Εὐρυσθεὺς
2028 2331 2199 2419 ἄναξ

585 2434 826 2519 ἄξοντα
853 2438 1128 2508 τούσδε·
1163 2436 1376 2508 πολλὰ
1406 2436 1471 2505 δ’
1502 2428 1725 2526 ἦλθον
1744 2489 1763 2524 ,
1796 2427 1850 2505 ῶ
1876 2437 2045 2523 ξένε,

585 2537 791 2609 δίκαι’
827 2537 1082 2630 ὁμαρτῇ
1111 2545 1284 2629 δρᾶν
1311 2567 1382 2608 τε
1409 2542 1523 2608 καὶ
1549 2538 1773 2628 λέγειν
1798 2545 1989 2625 ἔχων.

576 2639 866 2730 Ἀργεῖος
898 2637 995 2711 ῶν
1020 2641 1149 2732 γὰρ
1177 2638 1380 2722 αὐτὸς
1410 2638 1752 2730 Ἀργείους
1780 2638 1919 2729 ἄγω

583 2748 656 2811 ἐκ
683 2750 798 2831 τῆς
829 2747 1120 2831 ἐμαυτοῦ
1148 2744 1391 2813 τούσδε
1424 2745 1754 2830 δραπέτας
1788 2738 1985 2825 ἑλῶν,
2284 2757 2371 2809 140

582 2843 846 2932 νόμοισι
873 2860 1012 2925 τοῖς
1041 2848 1309 2915 ἐκεῖθεν
1336 2846 1837 2933 ἐψηφισμένους

454 2951 457 2953 ’
581 2956 854 3015 θανεῖν·
886 2952 1136 3017 δίκαιοι
1165 2945 1231 3016 δ’
1264 2946 1463 3035 ἐσμὲν
1491 2953 1834 3026 οἰκοῦντες
1858 2944 2061 3013 πόλιν

588 3048 778 3118 ἀστοὶ
811 3046 955 3118 κατ’
1001 3047 1225 3119 ἀστῶν
1262 3056 1546 3140 κυρίους
1574 3055 1879 3137 κραίνειν
1904 3051 2120 3126 δίκας.

584 3155 852 3219 πολλῶν
881 3149 957 3219 δὲ
983 3148 1253 3220 κᾶλλων
1279 3153 1497 3231 ἑστίας
1524 3146 1939 3239 ἀφιγμένων,

585 3254 660 3319 ἐν
686 3266 902 3321 τοῖσιν
933 3249 1160 3333 αὐτοῖς
1187 3252 1428 3323 τοισίδ’
1462 3256 1745 3340 ἕσταμεν
1773 3250 2015 3340 λόγοις,
2280 3268 2371 3323 145

583 3350 850 3433 κούδεὶς
878 3352 1184 3443 ἐτόλμησ’
1219 3361 1358 3424 ἴδια
1386 3356 1814 3445 προσθέσθαι
1842 3352 2034 3423 κακά.

585 3452 730 3523 ἀλλ’
765 3452 809 3544 ἦ
840 3452 971 3526 τιν’
1006 3463 1100 3536 εἰς
1128 3456 1202 3525 σὲ
1227 3463 1491 3545 μωρίαν
1520 3458 1911 3545 ἐσκεμμένοι
