2492 3900
638 134 656 174 ²
950 210 1464 271 ΙΠΠΟΛΥΤΟΣ
2086 213 2205 277 421

417 380 583 467 τάχα
609 376 678 449 δ’
714 384 807 459 εἰς
840 378 1187 466 θαλάμους
1214 379 1528 461 σπεύσεις
1555 380 1630 451 τὸ
1659 381 1881 452 πάλιν.

423 481 589 569 ταχὺ
618 480 746 572 γὰρ
775 482 1056 569 σφάλλει
1085 478 1364 551 κούδενὶ
1389 490 1661 573 χαίρεις,

423 582 590 653 οὐδέ
613 580 678 653 σ’
711 579 980 672 ἀρέσκει
1007 581 1081 652 τὸ
1111 584 1363 674 παρόν,
1392 582 1468 654 τὸ
1498 581 1566 653 δ’
1601 582 1776 656 ἀπὸν

422 694 744 774 φίλτερον
768 680 936 774 ἡγεῖ.
2109 704 2208 759 185

423 802 738 877 κρεῖσσον
764 787 841 855 δὲ
868 804 1097 857 νοσεῖν
1125 782 1169 875 ἢ
1196 787 1641 878 θεραπεύειν·

418 888 492 958 τὸ
520 890 644 977 μέν
671 891 854 967 ἐστιν
880 885 1174 977 ἁπλοῦν,
1205 896 1299 983 τῷ
1327 890 1404 959 δὲ
1430 889 1750 962 συνάπτει

419 992 599 1079 λύπη
627 1017 698 1060 τε
728 997 1004 1080 φρενῶν
1034 1001 1265 1078 χερσίν
1299 1020 1370 1062 τε
1410 991 1634 1073 πόνος.

419 1098 546 1173 πᾶς
574 1091 641 1183 δ’
677 1088 1009 1181 ὀδυνηρὸς
1037 1101 1184 1181 βίος
1213 1090 1623 1182 ἀνθρώπων,

421 1190 589 1263 κούκ
619 1200 757 1264 ἔστι
789 1196 1020 1264 πόνων
1051 1191 1457 1277 ἀνάπαυσις·
2105 1212 2206 1266 190

419 1293 566 1365 ἀλλ’
603 1292 642 1365 ὅ
675 1323 739 1365 τι
767 1303 888 1365 τοῦ
919 1303 1036 1384 ζῆν
1066 1303 1388 1386 φίλτερον
1417 1294 1582 1366 ἄλλο

419 1399 654 1479 σκότος
681 1396 1033 1487 ἀμπίσχων
1060 1398 1344 1487 κρύπτει
1371 1400 1706 1486 νεφέλαις.

341 1580 354 1585 ⁴
418 1503 790 1589 δυσέρωτες
821 1498 905 1588 δὴ
937 1498 1305 1589 φαινόμεθ’
1338 1497 1528 1580 ὅντες

416 1600 606 1672 τοῦδ’
637 1598 678 1671 ὅ
706 1631 770 1672 τι
798 1609 994 1672 τοῦτο
1021 1609 1276 1691 στίλβει
1304 1600 1470 1671 κατὰ
1498 1608 1648 1691 γῆν,

418 1701 512 1773 δι’
546 1701 1004 1793 ἀπειροσύνην
1032 1702 1241 1773 ἄλλου
1268 1703 1504 1791 βιότου
2108 1722 2204 1775 195

415 1803 583 1874 κούκ
614 1803 958 1887 ἀπόδειξιν
985 1812 1121 1874 τῶν
1149 1801 1282 1874 ὑπὸ
1312 1810 1535 1893 γαίας·

416 1907 663 1996 μύθοις
693 1904 762 1976 δ’
795 1903 1010 1990 ἄλλως
1039 1907 1455 1996 φερόμεσθα.

185 2017 369 2079 ΦΑῙ.
413 2012 639 2098 αῖρετέ
660 2037 794 2098 μου
822 2013 1059 2098 δέμας,
1093 2007 1389 2098 ὀρθοῦτε
1421 2006 1623 2096 κάρα·

418 2115 701 2200 λέλυμαι
726 2116 984 2200 μελέων
1011 2111 1375 2200 σύνδεσμα,
1406 2117 1619 2198 φίλαι.

419 2211 645 2302 λάβετ’
685 2212 997 2303 εὐπήχεις
1023 2229 1281 2304 χεῖρας,
1311 2212 1659 2303 πρόπολοι.
2096 2232 2203 2284 200
2301 2259 2305 2264 -

414 2316 590 2405 βαρύ
617 2343 730 2404 μοι
754 2322 1054 2406 κεφαλᾶς
1082 2319 1447 2407 ἐπίκρανον
1478 2321 1684 2402 ἔχειν·
1997 2316 2002 2321 ’

417 2413 643 2506 ἅφελ’,
674 2415 1054 2506 ἀμπέτασον
1080 2419 1457 2507 βόστρυχον
1488 2413 1709 2504 ὤμοις.

192 2525 314 2586 ΤΡ.
411 2518 689 2609 θάρσει,
720 2523 990 2608 τέκνον,
1020 2522 1135 2589 καὶ
1161 2519 1251 2608 μὴ
1280 2525 1579 2607 χαλεπῶς

415 2621 783 2710 μετάβαλλε
817 2625 1036 2711 δέμας.

415 2726 580 2814 ῥᾷον
609 2725 686 2794 δὲ
710 2724 917 2794 νόσον
943 2723 1108 2813 μετά
1134 2721 1211 2794 θ’
1241 2721 1521 2812 ἡσυχίας
2098 2741 2200 2793 205

419 2827 532 2894 καὶ
558 2835 876 2914 γενναίου
905 2827 1192 2916 λήματος
1219 2837 1457 2907 οἴσεις·

413 2939 696 3015 μοχθεῖν
723 2929 799 2998 δὲ
827 2937 1166 3020 βροτοῖσιν
1194 2925 1473 3018 ἀνάγκη.

187 3036 371 3098 ΦΑΙ.
414 3035 585 3099 αἰαῖ·

416 3139 557 3214 πῶς
583 3127 668 3202 ἂν
695 3137 1021 3223 δροσερᾶς
1053 3130 1185 3202 ἀπὸ
1214 3138 1533 3223 κρηνῖδος

415 3239 740 3324 καθαρῶν
769 3229 1038 3304 ὑδάτων
1065 3231 1242 3322 πῶμ’
1284 3232 1698 3324 ἀρυσαίμαν,

415 3331 550 3406 ὑπό
575 3333 636 3406 τ’
668 3343 986 3428 αἰγείροις
1015 3343 1089 3406 ἔν
1117 3364 1187 3406 τε
1211 3336 1465 3427 κομήτῃ
2102 3349 2203 3402 210

418 3445 694 3527 λειμῶνι
724 3435 1018 3509 κλιθεῖσ’
1052 3436 1592 3528 ἀναπαυσαίμαν.

194 3548 318 3609 ΤΡ.
415 3532 470 3610 ὦ
501 3556 653 3629 παῖ,
681 3550 752 3610 τί
773 3552 1036 3632 θροεῑς;
