2492 3900
223 2642 352 2703 XO.

223 2844 330 2906 lo.

940 125 1490 184 ΗΡΑΚΛΕΙΔΛῙ

427 295 710 384 τροπαῐά
737 291 797 362 τ’
832 297 1099 382 ἐχθρῶν
1125 295 1239 362 καὶ
1266 294 1454 364 πόλει
1483 294 1793 383 σωτήρια.

424 404 739 487 χρησμῶν
772 391 836 463 δ’
875 392 1151 475 ἀοιδοὺς
1179 395 1429 477 πάντας
1458 403 1550 478 είς
1582 392 1659 466 ἓν
1686 392 1918 474 ἁλίσας

426 498 667 588 ἤλεγξα
696 499 808 566 καὶ
835 499 1087 584 βέβηλοι
1114 499 1228 567 καὶ
1255 499 1680 586 κεκρυμμένα

428 604 622 690 λόγια
649 597 930 684 παλαιά,
958 604 1117 688 τῇδε
1149 607 1235 688 γῇ
1262 599 1573 687 σωτήρια.

427 705 540 772 καὶ
568 709 704 772 τῶν
731 701 855 788 μὲν
883 694 1106 769 ἄλλων
1136 697 1410 788 διάφορ’
1443 703 1582 770 ἐστὶ
1608 699 1972 786 θεσφάτων

428 801 621 874 πόλλ’
648 826 661 840 ·
709 797 785 872 ἓν
814 801 890 871 δὲ
918 810 1077 871 πᾶσι
1109 807 1345 889 γνῶμα
1375 799 1625 869 ταύτὸν
1653 806 2008 891 ἐμπρέπεν

428 906 674 994 σφάξαι
699 902 1101 974 κελεύουσίν
1125 930 1208 990 με
1235 905 1583 992 παρθένον
1609 903 1776 992 κόρῃ

430 1008 817 1096 Δήμητρος,
847 1000 990 1092 ῆτις
1017 1006 1154 1074 ἐστὶ
1180 1003 1429 1095 πατρὸς
1456 1002 1797 1093 εὐγενοῦς.

431 1108 561 1197 έγῶ
594 1105 659 1178 δ’
694 1115 819 1194 ἔχω
847 1109 1006 1193 μέν,
1051 1103 1139 1186 ῶς
1167 1102 1360 1197 ὁρᾷς,
1390 1114 1780 1194 προθυμίαν

434 1206 704 1298 τοσήνδ’
736 1212 803 1289 ἐς
830 1204 1033 1296 ὑμᾶς·
1078 1213 1285 1277 παῖδα
1315 1205 1383 1276 δ’
1414 1204 1560 1278 οὔτ’
1597 1205 1765 1296 ἐμὴν
1792 1216 2000 1276 κτενῶ

432 1308 578 1381 οὔτ’
612 1307 818 1380 ἄλλον
844 1307 1066 1378 ἀστῶν
1092 1317 1227 1378 τῶν
1261 1314 1440 1396 ἐμῶν
1466 1307 1823 1398 ἀναγκάσω

434 1409 679 1483 ἄκονθ’
703 1435 718 1450 ·
751 1409 926 1481 ἑκῶν
955 1411 1030 1480 δὲ
1058 1419 1158 1491 τίς
1184 1419 1405 1492 κακῶς
1432 1408 1611 1481 οὕτω
1644 1423 1904 1499 φρονεῖ,

434 1511 612 1595 ὅστις
641 1513 721 1584 τὰ
750 1509 1015 1603 φίλτατ’
1050 1515 1123 1582 ἐκ
1149 1520 1369 1602 χερῶν
1397 1513 1598 1583 δῶσει
1625 1515 1861 1595 τέκνα;

437 1619 550 1686 καὶ
579 1623 713 1685 νῦν
742 1612 1003 1694 πυκνὰς
1030 1609 1116 1683 ἂν
1142 1615 1495 1696 συστάσεις
1522 1610 1608 1684 ἄν
1636 1619 1934 1700 εἰσίδοις,

435 1726 572 1787 τῶν
598 1719 724 1805 μὲν
748 1715 1085 1805 λεγόντων
1113 1712 1204 1797 ῶς
1229 1722 1497 1787 δίκαιον
1521 1707 1609 1804 ἦν
1636 1720 1849 1799 ξένοις

439 1821 682 1899 ἱκέταις
709 1816 1020 1906 ἀρήγειν,
1050 1824 1185 1886 τῶν
1212 1819 1290 1888 δὲ
1315 1827 1578 1908 μωρίαν
1609 1823 1774 1905 ἐμοῦ

434 1919 987 2011 κατηγορούντων
1004 1942 1018 1956 ·
1050 1926 1114 1989 εί
1144 1920 1220 1991 δὲ
1247 1918 1332 2009 δὴ
1361 1919 1587 2009 δράσω
1614 1920 1789 2006 τόδε,

439 2030 681 2103 οἰκεῖος
706 2020 836 2111 ῆδη
865 2022 1150 2109 πόλεμος
1176 2022 1578 2110 ἐξαρτύεται.

438 2121 627 2194 ταῦτ’
661 2116 789 2195 οὖν
815 2120 941 2213 ὅρα
969 2121 1055 2193 σύ
1082 2126 1193 2192 καὶ
1221 2119 1685 2212 συνεξεύρισχ’
1718 2118 1898 2203 ὅπως

439 2223 642 2296 αὐτοί
665 2252 735 2295 τε
765 2224 1166 2314 σωθήσεσθε
1193 2227 1309 2294 καὶ
1336 2228 1543 2296 πέδον
1567 2225 1741 2312 τόδε,

438 2324 624 2415 κᾶγῶ
653 2335 951 2407 πολίταις
977 2324 1068 2415 μὴ
1097 2315 1656 2415 διαβληθήσομαι.
1760 2366 1764 2370 ·

441 2426 524 2498 οὐ
550 2428 679 2517 γὰρ
708 2425 1063 2518 τυραννίδ’
1097 2424 1265 2498 ὥστε
1294 2430 1655 2518 βαρβάρων
1682 2436 1839 2516 ἔχω·

442 2528 588 2599 ἀλλ’
622 2525 706 2617 ἢν
736 2535 964 2599 δίκαια
993 2535 1166 2618 δρῶ,
1196 2535 1426 2600 δίκαια
1452 2538 1782 2617 πείσομαι.

439 2629 587 2700 ἀλλ’
622 2622 667 2720 ἦ
695 2631 1056 2722 πρόθυμον
1083 2622 1297 2700 οὖσαν
1324 2627 1451 2701 οὐκ
1481 2636 1558 2723 ἐᾷ
1582 2629 1745 2711 θεὸς

442 2736 654 2816 ξένοις
681 2731 959 2823 ἀρήγειν
984 2732 1186 2821 τήνδε
1211 2733 1583 2823 χρῄζουσαν
1615 2733 1848 2815 πόλιν;

440 2825 495 2903 co?
522 2831 728 2921 τέκν’,
759 2842 1027 2923 ἔοιγμεν
1053 2841 1504 2923 ναυτίλοισιν,
1535 2842 1774 2916 οἵτινες

442 2943 764 3023 χειμῶνος
793 2936 1203 3024 ἐκφυγόντες
1231 2934 1472 3025 ἄγριον
1497 2939 1696 3025 μένος

447 3044 541 3118 εἰς
573 3053 762 3126 χεῖρα
789 3045 876 3127 γῇ
905 3045 1252 3126 συνῆψαν,
1286 3038 1427 3108 εἶτα
1452 3039 1782 3128 χερσόθεν

426 3155 760 3236 ἱπνοαῖσιν
788 3136 1142 3229 ἠλάθησαν
1172 3147 1267 3221 εἰς
1293 3140 1541 3209 πόντον
1568 3141 1789 3211 πάλιν.

446 3236 624 3309 οὕτω
656 3241 732 3310 δὲ
757 3238 986 3329 χήμεῖς
1011 3239 1203 3329 τῆσδ’
1237 3238 1748 3329 ἆπωθούμεσθα
1774 3248 1895 3331 γῆς

446 3338 577 3430 ἤδη
606 3341 773 3433 πρὸς
800 3340 1029 3425 ἀκταῖς
1054 3340 1245 3425 ὄντες
1275 3340 1364 3424 ῶς
1390 3348 1816 3432 σεσωσμένοι.

445 3453 623 3531 οἴμοι
643 3466 656 3480 ·
691 3450 763 3513 τί
788 3443 933 3532 δῆτ’
968 3452 1247 3534 ἔτερψας
1274 3437 1329 3515 ῶ
1354 3445 1631 3515 τάλαινά
1656 3473 1738 3533 με

2078 121 2198 184 301

2104 616 2200 664 *iffi*

2112 1124 2204 1172 411]

2112 1632 2204 1680 4152

2116 2141 2213 2189 421]

2116 2649 2213 2697 425]

2120 3157 2221 3205 43⁴3
