2492 3900
368 144 452 209 76

378 323 506 388 ΟΡ.

376 424 501 485 ΕΡ.

1074 147 1197 204 AN
1203 142 1627 203 APOMAXH

603 320 893 400 συνῆκα·
931 320 1197 400 ταρβεῖς
1225 324 1362 391 τοῖς
1390 313 1826 399 δεδραμένοις
1852 311 2073 380 πόσιν.

604 422 842 501 ἔγνως·
876 411 1024 482 ὀλεῖ
1046 413 1173 502 γάρ
1200 408 1273 499 μ’
1308 415 1609 492 ἐνδίκως.
1639 420 1710 481 τί
1733 417 1842 481 δεῖ
1864 415 2121 499 λέγειν;

606 512 754 584 ἀλλ’
787 513 1078 603 ἅντομαί
1097 534 1170 583 σε
1202 520 1341 581 Δία
1368 510 1650 582 καλοῦσ’
1692 510 2035 601 ὁμόγνιον,

605 620 868 705 πέμψον
892 644 973 705 με
1001 616 1218 704 χώρας
1245 612 1437 701 τῆσδ’
1474 610 1628 683 ὅποι
1656 615 2061 704 προσωτάτω

603 716 647 807 ἦ
675 717 840 810 πρὸς
868 725 1180 810 πατρῷον
1206 718 1550 807 μέλαθρον
1567 739 1582 753 ·
1612 712 1704 796 ῶς
1730 721 2018 786 δοκοῦσι’
2049 745 2119 786 τε

607 822 800 908 δόμοι
831 818 895 909 γ’
930 819 1242 890 ἐλαύνειν
1274 816 1529 905 φθέγμ’
1562 826 1821 905 ἔχοντες
1850 824 1993 887 οἵδε
2021 846 2127 907 με,

601 936 786 1010 μισεῖ
808 950 876 991 τε
906 937 1064 1011 γαῖα
1092 920 1346 1001 Φθιάς·
1392 926 1456 989 εἰ
1480 917 1545 988 δ’
1578 917 1717 1007 ἥξει
1752 920 1960 1009 πάρος

606 1030 862 1113 Φοίβου
889 1021 1108 1094 λιπῶν
1134 1037 1452 1110 μαντεῖον
1486 1028 1577 1102 εἰς
1607 1022 1854 1109 δόμους
1881 1022 2094 1110 πόσις,

604 1140 830 1195 κτενεῖ
851 1122 923 1213 μ’
956 1122 1062 1195 ἐπ’
1095 1131 1562 1211 αἰσχίστοισιν,
1592 1118 1636 1211 ἦ
1668 1124 2125 1212 δουλεύσομεν

602 1228 873 1297 νόθοισι
901 1228 1199 1314 λέκτροις
1228 1215 1326 1293 ῶν
1353 1228 1707 1309 ἐδέσποζον
1736 1223 1865 1315 πρὸ
1895 1232 2036 1295 τοῦ.

605 1335 746 1408 πῶς
775 1319 903 1397 οὖν
931 1324 1077 1397 τάδ’
1098 1379 1117 1414 ,
1150 1323 1240 1407 ῶς
1270 1336 1444 1396 εἴποι
1472 1354 1602 1412 τις,
1636 1323 2112 1415 ἐξημάρτανες;

607 1437 835 1499 κακῶν
864 1436 1208 1517 γυναικῶν
1241 1433 1498 1497 εἴσοδοί
1518 1425 1589 1515 μ’
1620 1425 1997 1515 ἀπώλεσαν,

605 1537 681 1601 αἴ
699 1558 810 1618 μοι
839 1534 1151 1617 λέγουσαι
1180 1525 1413 1598 τούσδ’
1447 1529 1834 1616 ε’χαύνωσαν
1860 1530 2133 1617 λόγους·

607 1632 692 1703 σύ
722 1631 846 1719 τὴν
871 1638 1193 1719 κακίστην
1216 1631 1635 1718 αἰχμάλωτον
1665 1634 1737 1700 ἐν
1766 1631 1994 1719 δόμοις
2056 1687 2062 1696 .

607 1733 862 1821 δούλην
889 1731 1105 1815 ἀνέξει
1137 1737 1244 1802 σοὶ
1286 1736 1517 1819 λέχους
1542 1736 2021 1821 κοινουμένην,

609 1834 700 1923 μὰ
728 1834 850 1923 τὴν
879 1831 1210 1921 ἄνασσαν,
1242 1831 1369 1903 οὐκ
1402 1830 1485 1901 ἂν
1514 1841 1588 1903 ἔν
1615 1831 1680 1921 γ’
1712 1838 1894 1921 ε’μοῖς
1922 1834 2152 1921 δόμοις

606 1933 925 2027 βλέπουσ’
962 1932 1046 2007 ἄν
1073 1932 1287 2024 αὐγὰς
1325 1932 1477 2023 τᾶμ’
1515 1932 1875 2027 ἐκαρποῦτ’
1910 1931 1993 2006 ἄν
2022 1940 2197 2026 λε’χη.

605 2037 788 2127 κάγῶ
819 2039 1116 2109 κλύουσα
1146 2038 1386 2108 τούσδε
1414 2038 1764 2126 Σειρήνων
1793 2038 2036 2126 λόγους

605 2146 836 2228 σοφῶν
863 2140 1269 2228 πανούργων
1299 2145 1625 2208 ποικίλων
1656 2137 2072 2228 λαλημάτων,

605 2240 1037 2330 ἐξηνεμώθην
1062 2249 1303 2332 μωρίᾳ·
1335 2248 1407 2310 τί
1432 2240 1559 2329 γάρ
1589 2238 1660 2328 μ’
1694 2245 1895 2330 ἐχρῆν

606 2343 806 2412 πόσιν
835 2342 1238 2430 φυλάσσειν,
1270 2332 1315 2432 ᾖ
1342 2349 1564 2432 παρῆν
1592 2339 1770 2426 ὅσων
1798 2348 1968 2422 ἔδεις

606 2443 815 2524 πολὺς
841 2444 964 2532 μὲν
991 2441 1220 2532 ὄλβος,
1257 2444 1583 2532 δωμάτων
1612 2441 1677 2512 δ’
1707 2441 2104 2533 ἠνάσσομεν,

606 2551 846 2626 παῖδας
875 2542 940 2614 δ’
973 2544 1104 2634 ἐγώ
1137 2546 1262 2634 μὲν
1290 2553 1609 2635 γνησίους
1644 2552 1897 2615 ἔτικτον
1926 2543 2031 2634 ἄν,

591 2643 640 2732 ἢ
675 2645 738 2717 δ’
771 2644 1180 2736 ἡμιδούλους
1208 2663 1346 2728 τοϊς
1378 2651 1556 2735 ἐμοῖς
1588 2657 1999 2737 νοθαγενεῖς.

605 2747 751 2816 ἀλλ’
787 2745 1023 2817 οὔποτ’
1058 2745 1320 2836 οὔποτ’,
1350 2746 1432 2817 ού
1461 2747 1589 2837 γὰρ
1620 2750 1891 2832 εἰσάπαξ
1921 2753 2073 2837 ἐρῶ,

603 2848 728 2937 χρὴ
758 2848 915 2928 τούς
941 2878 1018 2937 γε
1044 2857 1213 2919 νοῦν
1257 2859 1526 2940 ἔχοντας
1565 2846 1665 2932 οἷς
1708 2857 1889 2920 ἔστιν
1930 2851 2125 2939 γυνή,

603 2946 770 3040 πρὸς
802 2948 924 3039 τὴν
956 2955 1028 3020 ἐν
1064 2961 1273 3034 οἴκοις
1303 2950 1547 3042 ἄλοχον
1577 2959 1923 3039 εἰσφοιτᾶν
1953 2957 2069 3022 ἐᾶν

527 3113 534 3116 .
601 3067 959 3140 γυναῖκας·
991 3043 1189 3124 αὗται
1219 3054 1347 3144 γὰρ
1378 3055 1768 3128 διδάσκαλοι
1796 3062 2056 3124 κακῶν·

599 3144 644 3240 51}
671 3156 794 3242 μέν
826 3183 889 3224 τι
917 3161 1370 3246 κερδαίνουσα
1397 3164 1809 3245 συμφθείρει
1840 3160 2045 3243 λέχος,

597 3252 642 3340 ἢ
674 3252 742 3324 δ’
778 3253 1218 3344 ἀμπλακοῦσα
1246 3274 1607 3328 συννοσεῖν
1639 3259 1810 3348 αὐτῇ
1839 3261 2048 3343 θέλει,

604 3360 846 3427 πολλαὶ
877 3358 951 3426 δὲ
976 3359 1373 3448 μαργότητι·
1405 3358 1785 3430 κάντεῦθεν
1815 3359 2006 3448 δόμοι

603 3465 920 3528 νοσοῦσιν
951 3456 1240 3548 ἀνδρῶν.
1275 3460 1439 3552 πρὸς
1471 3460 1619 3530 τάδ’
1657 3454 1736 3530 εὖ
1764 3462 2138 3552 φυλάσσετε

2280 431 2397 485 92θ

2280 939 2395 993 925

2278 1448 2395 1501 930

2282 1956 2385 2010 935

2276 2459 2387 2514 940

2278 2969 2383 3022 945
2479 2962 2489 3042 ι

2278 3475 2383 3530 950
