2492 3900
23 1592 31 1978 1

855 874 1559 943 ΤΠΟΘΕΣΙΣ.

371 1288 844 1372 Νεοπτόλεμος
883 1288 957 1353 ἐν
990 1292 1072 1373 τῇ
1115 1292 1323 1374 Τροία
1354 1289 1551 1370 γέρας
1588 1283 1815 1372 λαβών
1852 1284 2131 1371 Ἀνδρο-

194 1386 420 1471 μάχην
453 1384 579 1469 τὴν
608 1382 924 1468 Ἕκτορος
973 1398 1284 1470 γυναῖκα,
1324 1388 1527 1451 παῖδα
1563 1388 1787 1451 ἔτεκεν
1822 1388 1888 1465 ἐξ
1928 1383 2132 1471 αὐτῆς

195 1485 346 1569 [τὸν
366 1483 752 1571 Μολοττόν]
777 1510 790 1523 ·
849 1477 1139 1565 ὕστερον
1170 1481 1243 1547 δὲ
1279 1484 1606 1567 ἐπέγημεν
1632 1478 1989 1567 Ἑρμιόνην
2011 1482 2134 1569 τὴν

204 1582 568 1651 Μενελάου
621 1585 986 1667 θυγατέρα.
1054 1583 1241 1659 δίκας
1286 1579 1361 1647 δὲ
1406 1586 1674 1666 πρῶτον
1718 1576 1977 1667 ᾐτηκώς
2018 1586 2130 1665 τῆς

205 1684 540 1767 Αχιλλέως
563 1676 964 1762 ἀναιρέσεως
1001 1676 1120 1743 τόν
1151 1679 1224 1744 ἐν
1248 1685 1544 1762 Δελφοῖς
1568 1676 1973 1763 Ἀπόλλωνα,
1998 1678 2127 1743 πά·-
2147 1694 2181 1745 5

200 1786 310 1843 λιν
337 1768 554 1860 ἦλθεν
576 1776 684 1842 ἐπὶ
705 1772 778 1841 τὸ
805 1775 1214 1860 χρηστήριον
1228 1776 1665 1859 μετανοήσας,
1688 1778 1801 1840 ἵνα
1821 1774 1942 1841 τὸν
1963 1772 2133 1842 θεὸν

201 1874 600 1960 ἐξιλάσηται.
655 1874 1037 1958 ζηλοτύπως
1061 1870 1124 1939 δ’
1154 1878 1399 1959 ἔχουσα
1435 1871 1602 1956 πρὸς
1623 1872 1746 1956 τὴν
1764 1869 2133 1958 Ἀνδρομά-

203 2000 327 2058 χην
349 1971 392 2056 ἡ
420 1973 678 2060 βασιλὶς
707 1971 1109 2058 ἐβουλεύετο
1135 1970 1283 2038 κατ’
1322 1969 1531 2055 αὐτῆς
1562 1969 1899 2057 θάνατον,
1933 1997 2132 2057 μετα-

205 2073 602 2156 πεμψαμένη
625 2070 746 2137 τὸν
767 2074 1124 2137 Μενέλαον
1138 2096 1154 2113 ·
1199 2063 1246 2156 ἢ
1286 2070 1360 2136 δὲ
1381 2070 1457 2135 τὸ
1491 2072 1761 2136 παιδίον
1783 2069 1906 2156 μὲν
1929 2067 2132 2148 ὑπεξ-

205 2177 482 2257 έθηκεν,
529 2169 699 2256 αὐτὴ
749 2174 822 2238 δὲ
869 2175 1247 2257 κατέφυγεν
1291 2173 1398 2237 ἐπὶ
1429 2168 1501 2237 τὸ
1550 2167 1736 2257 ἱερὸν
1777 2177 1893 2256 τῆς
1936 2172 2127 2238 Θέτι·
2153 2189 2217 2240 10

203 2273 341 2348 δος.
381 2274 450 2335 oc
481 2271 554 2337 δὲ
579 2272 731 2352 περὶ
763 2267 883 2336 τὸν
907 2271 1266 2336 Μενέλαον
1290 2270 1400 2335 καὶ
1428 2267 1501 2335 τὸ
1542 2272 1812 2336 παιδίον
1841 2265 2133 2355 ἀνεῦρον

204 2371 314 2432 καὶ
336 2369 603 2455 ἐκείνην
637 2365 1097 2453 ἀπατήσαντες
1131 2365 1443 2454 ἤγειραν·
1500 2369 1611 2434 καὶ
1634 2369 1952 2452 σφάττειν
1976 2371 2133 2452 μέλ-

204 2475 438 2544 λοντες
461 2463 885 2550 ἀμφοτέρους
909 2466 1357 2551 ἐκωλύθησαν
1377 2470 1653 2551 Πηλέως
1673 2469 2129 2551 ἐπιφανέντος.

206 2571 555 2646 Μενέλαος
602 2566 726 2653 μὲν
772 2561 901 2633 οὖν
936 2566 1244 2653 ἀπῆλθεν
1296 2574 1388 2648 εἰς
1422 2567 1770 2650 Σπάρτην·
1820 2564 2133 2652 Ἑρμιόνη

205 2664 275 2731 δὲ
300 2665 705 2756 μετενόησεν
746 2664 1200 2754 εὐλαβηθεῖσα
1237 2665 1362 2752 τὴν
1394 2670 1769 2750 παρουσίαν
1806 2670 1930 2730 τοῦ
1951 2672 2128 2733 Νεο-
2154 2683 2217 2735 15

206 2769 558 2853 πτολέμου.
604 2771 1149 2854 παραγενόμενος
1186 2770 1260 2837 δὲ
1298 2765 1333 2836 ὁ
1380 2764 1683 2852 Ὀρέστης
1724 2764 1976 2851 ταύτην
2010 2763 2135 2851 μὲν

204 2860 507 2948 ἀπήγαγε
550 2870 817 2952 πείσας,
863 2870 1313 2960 Νεοπτολέμῳ
1362 2867 1436 2933 δὲ
1480 2863 2003 2951 ἐπεβούλευσεν·
2052 2859 2133 2930 ὃν

205 2961 312 3026 καὶ
349 2967 779 3046 φονευθέντα
817 2971 1129 3052 παρῆσαν
1164 2971 1234 3034 οἱ
1261 2970 1601 3052 φέροντες.
1645 2972 1864 3050 Πηλεῖ
1880 2965 1953 3032 δὲ
1974 2965 2133 3050 μέλ-

205 3065 390 3123 λοντι
429 3055 552 3125 τὸν
593 3060 840 3145 νεκρὸν
885 3072 1170 3149 θρηνεῖν
1215 3069 1405 3142 Θέτις
1450 3066 1846 3148 ἐπιφανεῖσα
1888 3069 2132 3129 τοῦτον

203 3156 512 3234 ἐπέταξεν
548 3160 625 3224 ἐν
656 3167 955 3246 Δελφοῖς
983 3161 1231 3248 θάψαι,
1281 3162 1403 3245 τὴν
1444 3162 1517 3227 δὲ
1552 3159 2005 3246 Ἀνδρομάχην
2040 3167 2220 3240 εἰς20

209 3252 616 3334 Μολοσσούς
659 3252 1048 3325 ἀποστεῖλαι
1091 3261 1255 3344 μετὰ
1299 3265 1423 3324 τοῦ
1471 3256 1737 3345 παιδός,
1805 3256 2018 3325 αὐτὸν
2061 3259 2134 3324 δὲ

211 3349 594 3465 ἀθανασίαν
628 3357 1150 3440 προσδέχεσθαι·
1198 3355 1423 3442 τυχῶν
1466 3357 1539 3423 δὲ
1584 3354 1827 3440 ταύτης
1872 3361 1963 3434 εἰς
2006 3382 2131 3441 μα-

204 3471 432 3531 καρων
455 3449 710 3534 νήσους
739 3449 1020 3540 ᾤκησεν.
