2492 3900
12 356 19 581 b
183 540 328 601 ΦΕ.

11 682 27 939 ¹

11 1622 24 1893 '

11 2199 24 2646 ὲ

967 158 1411 217 ΑΛΚΗΣΤΙΣ

411 322 763 415 στείχοντ’,
795 322 1091 406 ὀπαδούς
1118 321 1167 393 τ’
1201 328 1278 395 ἐν
1305 342 1529 414 χεροῖν
1558 326 1837 417 δάμαρτι
1870 335 1955 417 σῇ

419 430 670 517 κόσμον
702 430 1063 516 φέροντας,
1099 430 1437 518 νερτέρων
1466 423 1826 515 ἀγάλματα.

423 527 562 619 ἥκω
591 544 854 599 κακοῖσι
883 544 1058 597 σοῖσι
1085 528 1515 617 συγκάμνων,
1544 530 1808 600 τέκνον·

418 636 665 720 ἐσθλῆς
693 630 854 718 γάρ,
886 627 1112 711 οὐδεὶς
1138 626 1435 721 ἀντερεῖ,
1466 632 1577 699 καὶ
1604 632 1953 721 σώφρονος

421 730 740 821 γυναικὸς
767 728 1165 820 ἡμάρτηκας.
1221 728 1390 802 ἀλλὰ
1415 739 1623 803 ταῦτα
1649 732 1775 821 μὲν

422 839 658 925 φέρειν
684 830 940 922 ἀνάγκη
969 840 1208 923 καίπερ
1237 830 1399 905 ὄντα
1428 838 1747 923 δυσμενῆ.

423 940 622 1023 δέχου
651 936 726 1005 δὲ
753 935 1004 1023 κόσμον
1021 934 1240 1021 τόνδε,
1269 937 1383 1005 καὶ
1411 936 1576 1006 κατὰ
1600 936 1850 1023 χθονὸς

425 1048 542 1107 ἴτω
562 1061 576 1075 ·
607 1035 682 1106 τὸ
709 1037 953 1125 ταύτης
980 1043 1168 1124 σῶμα
1195 1043 1520 1125 τιμᾶσθαι
1546 1033 1786 1127 χρειόν,

421 1136 564 1227 ἥτις
592 1166 670 1225 γε
696 1145 811 1226 τῆς
839 1144 958 1225 σῆς
986 1137 1342 1227 προύθανε
1368 1144 1619 1228 ψυχῆς,
1651 1142 1911 1225 τέκνον,

428 1249 546 1309 καί
567 1237 626 1328 μ’
658 1236 784 1309 οὐκ
812 1235 1044 1309 ἄπαιδ’
1076 1246 1328 1327 ἔθηκεν
1355 1237 1509 1309 οὐδ’
1550 1250 1731 1311 εἴασε
1762 1247 1887 1309 σοῦ

427 1344 744 1431 στερέντα
767 1340 944 1432 γήρα
971 1349 1285 1434 πενθίμῳ
1311 1350 1784 1430 καταφθίνειν,

329 1466 336 1469 ·
426 1444 665 1523 πάσαις
695 1438 756 1511 δ’
792 1449 1040 1531 ἔθηκεν
1070 1440 1547 1533 εὐκλεέστερον
1576 1451 1732 1533 βίον

424 1546 764 1632 γυναιξίν,
797 1550 996 1635 ἔργον
1023 1551 1230 1614 τλᾶσα
1256 1561 1575 1632 γενναῖον
1606 1548 1781 1617 τόδε.

424 1637 479 1715 ὦ
506 1646 702 1715 τόνδε
727 1646 852 1734 μὲν
880 1644 1158 1735 σώσασ’,
1188 1644 1611 1736 ἀναστήσασα
1640 1649 1715 1717 δὲ

422 1744 592 1836 ἡμᾶς
619 1755 1006 1835 πίτνοντας,
1034 1764 1257 1837 χαῖρε,
1293 1746 1667 1819 κᾶνἍιδου
1695 1750 1925 1839 δόμοις

427 1841 507 1919 εὖ
533 1873 638 1919 σοι
668 1853 944 1937 γένοιτο.
1003 1852 1175 1938 φημὶ
1201 1852 1548 1931 τοιούτους
1576 1852 1831 1940 γάμους

426 1953 619 2021 λύειν,
646 1959 1020 2040 βροτοῖσιν,
1051 1947 1094 2038 ἢ
1119 1969 1360 2040 γαμεῖν
1386 1949 1511 2022 οὐκ
1540 1948 1745 2034 ἄξιον.

423 2049 560 2123 οὔτ’
593 2043 800 2138 ἦλθες
828 2059 922 2132 εἰς
948 2050 1132 2122 τόνδ’
1166 2056 1231 2135 ἐξ
1262 2057 1426 2141 ἐμοῦ
1454 2056 1729 2142 κληθεὶς
1756 2055 1990 2143 τάφον,

422 2150 558 2224 οὔτ’
591 2156 665 2222 ἐν
693 2160 952 2241 φίλοισι
980 2152 1106 2241 σὴν
1137 2163 1515 2245 παρουσίαν
1538 2161 1733 2242 νέμω.

421 2255 672 2343 κόσμον
701 2257 777 2326 δὲ
802 2255 922 2326 τὸν
950 2253 1073 2325 σὸν
1099 2253 1354 2328 οὔποθ’
1385 2255 1498 2346 ἥδ’
1532 2259 1901 2330 ἐνδύσεται.

421 2361 526 2452 [οὐ
559 2363 690 2452 γάρ
725 2392 785 2431 τι
817 2368 956 2431 τῶν
991 2366 1134 2429 σῶν
1171 2360 1406 2448 ἐνδεὴς
1439 2357 1843 2449 ταφήσεται]

423 2457 570 2526 τότε
599 2461 956 2546 ξυναλγεῖν
981 2465 1150 2546 χρῆν
1177 2457 1240 2528 σ’
1274 2456 1362 2529 ὅτ’
1396 2457 1715 2547 ὠλλύμην
1742 2461 1893 2548 ἐγώ.

423 2558 510 2626 σύ
540 2555 604 2626 δ’
642 2557 948 2628 ἐκποδών
976 2558 1134 2640 στὰς
1161 2562 1273 2628 καὶ
1302 2563 1534 2649 παρεὶς
1560 2558 1740 2653 άλλςο
1769 2573 2013 2631 θανεῖν

423 2663 554 2750 νέςῡ
586 2663 803 2748 γέρων
833 2657 964 2746 ὤν,
993 2658 1180 2730 τόνδ’
1213 2658 1572 2749 ἀποιμώξει
1604 2663 1887 2750 νεκρόν;

427 2757 552 2828 οὐκ
587 2753 734 2848 ἦσθ’
773 2759 869 2851 ἄρ’
903 2760 1127 2853 ὀρθῶς
1153 2767 1356 2832 τοῦδε
1381 2765 1681 2851 σώματος
1706 2765 1921 2854 πατὴρ

419 2861 575 2932 οὐδ’
621 2863 662 2952 ἡ
685 2879 902 2932 τεκεῖν
932 2864 1285 2951 φάσκουσα
1311 2868 1425 2934 καὶ
1451 2870 1822 2955 κεκλημένη

419 2962 650 3051 [μήτηρ
673 2963 996 3051 μ’ἕτικτε·
1038 2972 1318 3035 δουλίου
1347 2964 1413 3036 δ’
1454 2964 1566 3055 ἀφ’
1599 2974 1868 3056 αἵματος

421 3072 646 3157 μαστῷ
675 3064 996 3153 γυναικὸς
1024 3075 1142 3156 σῆς
1169 3065 1571 3157 ὑπεβλήθην
1598 3070 1869 3162 Mem.

424 3169 676 3248 ἔδειξας
705 3175 800 3248 εἰς
833 3175 1106 3255 ἔλεγχον
1133 3168 1430 3250 ἐξελθών
1460 3165 1533 3250 ὃς
1569 3169 1648 3257 εἴ,

421 3274 542 3337 καί
560 3264 620 3354 μ’
656 3267 736 3338 οὐ
766 3277 1012 3357 νομίζω
1041 3275 1248 3339 παῖδα
1278 3269 1403 3340 σὸν
1430 3276 1827 3359 πεφυκέναι.

420 3360 463 3456 ἦ
491 3367 658 3458 τᾶρα
685 3372 957 3441 πάντων
985 3373 1374 3460 διαπρέπεις
1412 3370 1685 3466 ἀψυχίᾳ,

419 3467 493 3550 ὃς
519 3470 864 3558 τηλικόσδ’
900 3468 996 3543 τόν
1023 3470 1186 3542 κάπὶ
1215 3473 1387 3562 τέρμ’
1420 3471 1607 3564 ἥκων
1630 3483 1791 3563 βίου

2104 155 2184 218 25

2090 648 2191 705 615

2094 1154 2197 1211 620

2094 1665 2196 1721 625

2093 2175 2196 2230 630

2094 2679 2193 2735 635

2094 3187 2195 3240 640
