2492 3900
1062 173 1471 230 HAEKTPA

484 348 727 429 ἔβαλλε
754 320 1055 428 βωμούς,
1086 337 1307 408 τοιάδ’
1341 342 1640 410 ἐννέπων
1667 346 1792 427 ἔπη
1811 361 1826 377 ·

480 442 775 530 Νύμφαι
804 456 1145 528 πετραῖαι,
1176 441 1495 523 πολλάκις
1521 469 1603 541 με
1630 449 2005 530 βουθυτεῖν

479 544 595 613 καὶ
627 543 749 632 τὴν
777 540 925 612 κατ’
963 553 1191 624 οἴκους
1228 550 1617 634 Τυνδαρίδα
1646 540 1928 632 δάμαρτ’
1961 544 2125 632 ἐμῆ-ν

2143 165 2264 232 267

2165 460 2266 508 fist-‘2

484 645 903 734 πράσσοντας
923 640 1012 724 ὥς
1031 652 1183 731 νῦν,
1205 643 1364 726 τοὺς
1392 643 1448 714 δ’
1480 644 1679 733 έμούς
1709 643 1997 735 ἐχθροὺς
2029 656 2258 724 νε-.ν[ι],..··

482 749 702 836 λέγων
727 745 1043 837 Ὀρέστην
1071 749 1184 815 καὶ
1215 750 1312 816 σέ.
1342 748 1665 836 δεσπότης
1694 745 1758 816 δ’
1797 747 1953 835 ἐμὸς

484 846 790 918 τάναντί’
814 846 1068 941 ηὔχετ’,
1101 847 1184 917 ού
1212 856 1650 937 γεγωνίσκων
1678 850 1944 938 λόγους,

392 1039 397 1044 ·
484 960 719 1039 λαβεῖν
747 959 1023 1044 πατρῷα
1053 949 1337 1039 δώματ’.
1368 955 1441 1021 ἐκ
1469 958 1682 1021 κανοῦ
1708 949 1776 1020 δ’
1811 950 1985 1022 ἑλών

483 1064 815 1141 Αἴγισθος
846 1050 1068 1142 ὀρθὴν
1096 1059 1429 1140 σφαγίδα,
1459 1061 1777 1141 μοσχείαν
1806 1060 1993 1144 τρίχα

488 1159 709 1243 τεμων
738 1152 850 1244 ἐφ’
884 1151 1097 1243 ἁγνὸν
1122 1162 1262 1244 πῦρ
1292 1162 1499 1244 ἔθηκε
1527 1159 1731 1249 δεξιᾷ,

489 1255 781 1346 κᾶσφαξ’
816 1254 921 1326 ἐπ’
959 1254 1163 1344 ὤμων
1192 1257 1441 1345 μόσχον
1469 1255 1559 1338 ὡς
1585 1249 1762 1346 ἦραν
1789 1272 2013 1347 χεροῖν

488 1365 735 1447 δμῶες,
769 1360 948 1447 λέγει
979 1359 1053 1428 δὲ
1080 1366 1178 1450 σῷ
1206 1360 1585 1452 κασιγνήτῳ
1613 1361 1803 1429 τάδε·

487 1465 559 1531 ἐκ
587 1471 724 1532 τῶν
750 1469 976 1530 καλῶν
1005 1468 1340 1548 κομποῦσι
1368 1477 1537 1532 τοῖσι
1567 1470 1926 1544 Θεσσαλοῖς

491 1563 659 1633 εἶναι
693 1562 863 1651 τόδ’,
897 1560 1075 1643 ὅστις
1101 1570 1358 1653 ταῦρον
1385 1563 1670 1652 ἀρταμεῖ
1693 1573 1913 1646 καλῶς

490 1670 736 1746 ἵππους
762 1663 822 1734 τ’
860 1662 1141 1753 ὀχμάζει.
1173 1667 1337 1755 λαβὲ
1363 1669 1678 1756 σίδηρον,
1711 1657 1766 1735 ὦ
1796 1670 1961 1753 ξένε,

490 1769 711 1852 δεῖξόν
739 1797 810 1838 τε
840 1769 1069 1856 φήμην
1097 1773 1344 1856 ἔτυμον
1373 1765 1547 1858 ἀμφὶ
1579 1777 1961 1839 Θεσσαλῶν.

489 1864 529 1938 ὃ
557 1868 623 1940 δ’
660 1868 1064 1961 εὐκρότητον
1094 1869 1319 1960 δορίδ’
1361 1869 1752 1962 ἀναρπάσας
1787 1884 2037 1960 χεροῖν,

488 1976 689 2060 ῥίψας
718 1972 835 2043 ἀπ’
869 1971 1073 2060 ὤμων
1103 1969 1409 2061 εὐπρεπῆ
1441 1973 1858 2061 πορπάματα,

490 2077 819 2164 Πυλάδην
847 2077 971 2164 μὲν
1004 2070 1202 2143 εἵλετ’
1236 2077 1313 2143 έν
1339 2074 1571 2155 πόνοις
1597 2071 1965 2163 ὑπηρέτην,

489 2182 713 2265 δμῶας
741 2176 809 2246 δ’
845 2175 1142 2246 ἀπωθεῖ·
1177 2178 1292 2245 καὶ
1320 2174 1548 2265 λαβων
1575 2176 1826 2264 μόσχου
1855 2176 2049 2261 πόδε,

485 2278 729 2361 λευκὰς
759 2277 1060 2368 ἐγύμνου
1087 2278 1336 2368 σάρκας
1363 2281 1682 2348 ἐκτείνων
1708 2281 1899 2369 χέρα·

489 2389 750 2451 θᾶσσον
778 2382 855 2450 δὲ
882 2380 1147 2470 βύρσαν
1176 2384 1505 2470 ἐξέδειρεν
1531 2376 1576 2468 ῆ
1606 2379 1898 2470 δρομεὺς

490 2482 765 2563 δισσούς
792 2483 1116 2563 διαύλους
1147 2486 1375 2560 ἵππιος
1412 2479 1724 2568 διήνυσε,

489 2582 755 2654 κάνεῖτο
784 2586 1092 2673 λαγόνας.
1130 2583 1276 2674 ἱερὰ
1305 2582 1373 2653 δ’
1410 2607 1504 2664 εις
1529 2600 1754 2672 χεῖρας
1784 2583 2009 2672 λάβω-ν

491 2698 824 2774 Αἴγισθος
854 2686 1078 2776 ῆθρει.
1108 2688 1222 2755 καὶ
1251 2685 1450 2775 λοβὸς
1475 2686 1598 2774 μὲν
1624 2683 1708 2754 οὐ
1737 2693 1993 2774 προσῆν

493 2789 915 2877 σπλάγχνοις,
947 2788 1155 2857 πύλαι
1185 2787 1262 2857 δὲ
1288 2791 1401 2858 καὶ
1429 2791 1620 2877 δοχαὶ
1645 2796 1843 2877 χολῆς
1870 2791 2069 2869 marg

492 2890 699 2972 κακὰς
729 2899 1011 2980 ἔφαινον
1038 2898 1130 2983 τῷ
1157 2898 1526 2961 σκοποῦντι
1554 2892 1954 2979 προσβολάς.

490 2988 585 3080 χῶ
620 2993 745 3080 μὲν
771 2993 1138 3082 σκυθράζει
1158 3046 1176 3080 ,
1209 2992 1535 3082 δεσπότης
1563 2991 1630 3063 δ’
1670 2991 2037 3083 ἀνιστορεῖ*

494 3102 566 3164 τί
585 3094 783 3183 χρῆμ’
817 3094 1136 3183 ἀθυμεῖς;
1169 3086 1223 3163 ὦ
1251 3095 1389 3177 ξέν’
1411 3147 1428 3178 ,
1460 3093 1741 3185 ὀρρωδῶ
1771 3124 1920 3164 τινα

422 3224 425 3227 ’
494 3197 697 3266 δόλον
723 3209 1037 3287 θυραῖον.
1068 3204 1206 3266 ἔστι
1234 3194 1302 3267 δ’
1336 3206 1638 3285 ἔχθιστος
1665 3205 1927 3287 βροτῶν

486 3296 972 3388 Ἀγαμέμνονος
1000 3316 1153 3380 παῖς
1181 3301 1492 3389 πολέμιός
1519 3298 1579 3370 τ’
1613 3305 1793 3389 ἐμοῖς
1822 3304 2065 3387 δόμοις.

486 3398 526 3471 ὃ
564 3399 629 3469 δ’
666 3400 809 3471 εἷπε
829 3425 843 3439 ·
876 3401 1179 3491 φυγάδος
1206 3408 1375 3490 δῆτα
1403 3410 1767 3490 δειμαίνεις
1796 3401 2017 3489 δόλον,

488 3502 744 3585 πόλεως
773 3502 1114 3588 ἀνάσσων;
1144 3502 1301 3593 οὐχ,
1333 3501 1512 3587 ὅπως
1540 3506 1871 3592 παστήρια

2169 972 2266 1016 ΗΠ]

2177 3521 2278 3573 ὕζέιί·
