2492 3900
353 154 480 220 372

346 2267 488 2330 XO.

1161 158 1573 216 ΙΚΕΤΙΔΕΣ

583 326 836 397 στένων
860 331 1214 413 στρατείαν
1241 322 1329 413 ἣν
1358 333 1652 414 ἔπεμψεν
1680 332 1752 398 ἐκ
1785 328 2049 418 δόμων·

581 424 656 507 ὅς
682 423 756 514 μ’
789 426 1127 516 ἐξοτρύνει
1155 424 1343 497 παῖδ’
1377 425 1542 516 ἐμὸν
1571 446 1794 500 πεῖσαι
1823 439 2033 513 λιταῖς

577 536 844 618 νεκρῶν
869 528 1190 617 κομιστὴν
1217 526 1261 616 ἢ
1289 529 1584 617 λόγοισιν
1610 527 1653 618 ἦ
1681 530 1882 622 δορὸς
2302 558 2366 609 25

579 632 770 723 ῥώμῃ
797 634 1117 720 γενέσθαι
1146 634 1261 700 καὶ
1286 632 1507 719 τάφου
1534 641 1891 720 μεταίτιον,

579 734 792 821 μόνον
819 730 962 802 τόδ’
997 740 1198 821 ἔργον
1223 736 1612 824 προστιθεὶς
1640 739 1775 828 ἐμῷ
1804 738 2017 829 τέκνῳ

584 836 774 903 πόλει
802 830 864 903 τ’
889 831 1222 923 Ἀθηνῶν.
1296 835 1605 924 τυγχάνω
1635 834 1702 905 δ’
1735 833 1911 928 ὑπὲρ
1936 840 2191 925 χθονὸς

584 934 835 1024 ἀρότου
861 932 1251 1026 προθύουσ’
1284 940 1356 1007 ἐκ
1387 938 1618 1025 δόμων
1644 936 1923 1008 ἐλθοῦσ’
1954 944 2138 1027 ἐμῶν

578 1036 747 1128 πρὸς
777 1038 974 1109 τόνδε
1003 1039 1244 1128 σηκόν,
1277 1046 1448 1108 ἔνθα
1474 1046 1707 1131 πρῶτα
1735 1048 2045 1127 φαίνεται
2304 1065 2368 1117 30

581 1144 827 1230 φρίξας
854 1137 1027 1229 ὑπὲρ
1054 1148 1176 1230 γῆς
1202 1146 1404 1229 τῆσδε
1430 1141 1759 1230 κάρπιμος
1787 1142 2049 1229 στάχυς.

582 1242 833 1331 δεσμὸν
866 1240 932 1312 δ’
966 1241 1261 1331 ἄδεσμον
1287 1241 1475 1313 τόνδ’
1509 1250 1749 1331 ἔχουσα
1778 1244 2121 1332 φυλλάδος

577 1347 758 1434 μένω
789 1344 956 1434 πρὸς
983 1341 1218 1433 ἁγναῖς
1245 1345 1551 1436 ἐσχάραις
1581 1351 1779 1415 δυοῖν
1806 1356 2008 1414 θεαῖν

575 1446 801 1535 Κόρης
826 1474 898 1515 τε
927 1450 1041 1515 καὶ
1066 1447 1457 1537 Δήμητρος,
1488 1454 1915 1535 οἰκτείρουσα
1943 1450 2067 1535 μὲν

579 1545 815 1627 πολιὰς
844 1545 1132 1629 ἄπαιδας
1160 1550 1361 1619 τάσδε
1387 1551 1673 1639 μητέρας
1699 1550 1977 1636 τέκνων,
2302 1571 2368 1625 35

577 1650 868 1737 σέβουσα
897 1646 962 1719 δ’
1003 1649 1152 1741 ἱερὰ
1177 1648 1519 1740 στέμματ’.
1589 1661 1839 1738 οἴχεται
1867 1654 1948 1721 δέ
1968 1681 2083 1742 μοι

575 1754 787 1840 κῆρυξ
821 1750 990 1842 πρὸς
1020 1749 1186 1823 ἄστυ
1216 1758 1424 1844 δεῦρο
1454 1756 1675 1841 Θησέα
1705 1761 1955 1841 καλῶν,

579 1849 670 1933 ὡς
694 1848 742 1941 ἦ
766 1851 842 1923 τὸ
870 1854 1130 1924 τούτων
1157 1854 1422 1946 λυπρὸν
1450 1858 1636 1944 ἐξέλῃ
1663 1853 1909 1943 χθονὸς

579 1951 627 2044 ἢ
656 1954 846 2027 τάσδ’
884 1955 1178 2047 ἀνάγκας
1207 1962 1498 2039 ἱκεσίους
1527 1958 1697 2046 λύσῃ
1731 1955 1940 2038 θεοὺς

575 2054 768 2128 ὅσιόν
792 2086 858 2128 τι
884 2060 1135 2150 δράσας
1152 2084 1167 2097 ·
1197 2060 1414 2129 πάντα
1442 2059 1571 2148 γὰρ
1601 2057 1693 2129 δι’
1728 2056 2033 2147 ἀρσένων
2302 2079 2365 2130 40

574 2163 844 2247 γυναιξὶ
867 2163 1192 2250 πράσσειν
1221 2162 1429 2249 εἰκός,
1458 2167 1707 2242 αἵτινες
1732 2169 1961 2248 σοφαί.

573 2262 850 2330 ἱκετεύω
877 2284 956 2332 σε
981 2263 1219 2353 γεραιὰ
2121 2283 2265 2352 στρ.

574 2355 867 2452 γεραιῶν
894 2366 967 2432 ἐκ
995 2365 1364 2452 στομάτων,

575 2461 743 2554 πρὸς
769 2465 941 2553 γόνυ
968 2473 1306 2537 πίπτουσα
1335 2465 1410 2536 τὸ
1438 2467 1560 2537 σόν
1577 2490 1592 2505 ’

573 2561 704 2636 ἄνα
731 2595 847 2656 μοι
873 2569 1076 2638 τέκνα
1102 2576 1305 2640 λῦσαι
1333 2571 1691 2658 φθιμένων
2300 2587 2369 2638 45

524 2669 530 2673 ’
577 2670 879 2757 νεκύων,
909 2679 983 2740 οἳ
1003 2680 1482 2741 καταλείπουσι
1512 2674 1677 2760 μέλη

571 2771 850 2863 θανάτῳ
876 2780 1225 2860 λυσιμελεῖ
1243 2776 1497 2862 θηρσὶν
1523 2770 1802 2864 ὀρείοισι
1831 2773 2045 2863 βοράν
2062 2796 2078 2810 ·

574 2869 872 2942 ἐσιδοῦσ’
913 2873 1144 2964 οἰκτρὰ
1171 2875 1297 2963 μὲν
1326 2873 1549 2945 ὅσσων
2119 2873 2263 2946 άντ.

581 2970 827 3063 δάκρυ’
857 2969 1035 3063 ἀμφὶ
1057 2976 1445 3066 βλεφάροις,

577 3072 753 3161 ῥυσὰ
779 3076 856 3147 δὲ
885 3085 1157 3167 σαρκῶν
1183 3087 1439 3148 πολιῶν
1472 3133 1481 3140 .
2298 3099 2367 3148 50

577 3176 1099 3267 καταδρύμματα
1121 3188 1397 3269 χειρῶν·
1430 3190 1502 3251 τί
1521 3181 1684 3270 γάρ;
1714 3178 1758 3250 ἃ

583 3282 963 3366 φθιμένους
990 3288 1231 3362 παῖδας
1260 3282 1460 3371 ἐμοὺς
1488 3281 1646 3354 οὔτε
1674 3283 1908 3372 δόμοις

576 3381 964 3469 προθέμαν,
993 3379 1153 3452 οὔτε
1177 3384 1417 3472 τάφων
1443 3384 1715 3474 χώματα
1749 3393 1943 3474 γαίας
1971 3387 2204 3474 ἐσορῶ.

1033 3499 1102 3552 42
1118 3525 1196 3535 —
1211 3500 1282 3552 47
1306 3524 1395 3552 =
1424 3502 1493 3555 48
1510 3529 1585 3538 -·
1603 3503 1671 3556 53
