2492 3900
200 1923 355 1988 XO.

201 2127 359 2190 KA.

219 3457 368 3518 HE.

1053 206 1381 266 ΒΑΚΧΑΙ
2100 204 2217 272 101

433 382 547 449 καὶ
576 381 816 449 σπένὸι
855 378 966 445 καὶ
993 375 1286 466 βάκχευε
1316 380 1430 447 καὶ
1463 381 1717 466 στέφου
1750 380 1943 469 κάρα.

433 480 557 570 οὐχ
585 478 622 550 ὁ
649 480 819 550 Διότ
835 502 990 561 υσος
1018 494 1405 569 σωφρονεῖν
1436 477 1803 567 ἀναγκάσει

431 598 759 672 γυναῖκας
787 588 880 663 είς
908 579 1031 669 τὴν
1060 581 1372 671 Κύπριν,
1405 578 1543 651 ἀλλ’
1576 585 1650 651 ἐν
1677 591 1758 673 τῇ
1789 584 1989 673 φύσει
2125 602 2225 657 315

436 686 511 756 τὸ
538 698 922 777 σωφρυνεῖν
955 690 1217 753 ἔνεστιν
1249 690 1344 766 εἰς
1378 682 1459 753 τὰ
1486 681 1672 754 πάντ’
1706 683 1832 755 ἀεί.

434 796 633 859 τοῦτο
665 802 944 858 σκοπεῖν
971 785 1098 877 χρή
1116 810 1131 825 ·
1166 789 1281 857 καὶ
1310 785 1438 877 γὰρ
1477 790 1551 856 ἐν
1586 789 2047 878 βακχεύμασιν

435 882 586 963 οὖσ’
618 886 664 979 ἦ
691 918 768 978 γε
796 890 1094 989 σῶφρων
1123 886 1208 957 οὐ
1237 889 1800 981 διαφθαρήσεται.

437 992 636 1087 ὁρᾷς,
666 991 756 1063 σύ
782 999 1071 1081 χαίρεις,
1107 988 1274 1060 ὅταν
1308 994 1685 1081 ἐφεστῶσιν
1714 994 1958 1076 πύλαις
2127 1009 2229 1065 319

437 1102 708 1183 πολλοί,
738 1094 815 1165 τὸ
841 1097 1170 1175 Πενθέως
1197 1090 1269 1162 δ’
1302 1090 1516 1183 ὄνομα
1544 1096 1891 1186 μεγαλύνῃ
1920 1096 2141 1179 πόλις·

437 1196 786 1287 κάκεῖνος,
811 1196 994 1286 οἶμαι
1011 1248 1029 1284 ,
1059 1198 1368 1285 τέρπεται
1395 1198 1788 1287 τιμώμενος.

443 1300 573 1390 ἐγώ
604 1301 729 1390 μὲν
756 1291 885 1369 οὖν
911 1301 1025 1368 καὶ
1051 1299 1325 1388 Κάδμος
1343 1353 1361 1389 ,
1394 1297 1477 1371 ὃν
1504 1299 1591 1371 σὺ
1622 1307 1958 1394 διαγελᾷς,

445 1411 657 1497 κισσῷ
685 1401 734 1473 τ’
771 1402 1195 1492 ἐρεψόμεσθα
1230 1404 1345 1472 καὶ
1372 1403 1807 1493 χορεύσομεν,

442 1504 643 1577 πολιὰ
675 1508 995 1593 ξυνωρίς,
1028 1501 1166 1574 ἀλλ’
1205 1502 1386 1594 ὅμως
1412 1509 1794 1597 χορευτέον,

439 1605 568 1679 κού
597 1608 998 1697 θεομαχήσω
1028 1613 1168 1676 σῶν
1203 1607 1428 1697 λόγων
1455 1611 1763 1689 πεισθεὶς
1789 1604 1943 1679 ὕπο.
2131 1622 2233 1678 325

439 1719 664 1800 μαίνει
693 1710 823 1800 γὰρ
854 1706 942 1793 ῶς
976 1707 1289 1798 ἄλγιστα,
1318 1708 1521 1781 κοῦτε
1551 1711 1931 1803 φαρμάκοις

444 1811 572 1903 ἄκη
600 1815 830 1901 λάβοις
859 1810 945 1881 ἅν
963 1864 982 1899 ,
1013 1809 1148 1882 οὔτ’
1187 1809 1356 1883 ἄνευ
1383 1814 1642 1883 τούτων
1668 1829 1908 1893 νοσεῖς.

441 1907 496 1986 ὦ
523 1918 822 2004 πρέσβυ,
855 1913 1113 2002 Φοῖβόν
1140 1911 1188 1982 τ’
1226 1912 1311 1985 οὐ
1343 1914 1810 2004 καταισχύνεις
1842 1914 2088 2002 λόγοις,

442 2025 658 2107 τιμῶν
685 2043 758 2085 τε
790 2016 1092 2106 Βρόμιον
1121 2033 1501 2107 σωφρονεῖς
1528 2021 1740 2106 μέγαν
1770 2017 1962 2086 θεόν.

445 2112 502 2190 ὦ
533 2133 688 2206 παῖ,
717 2124 938 2200 καλῶς
967 2140 1075 2188 σοι
1111 2127 1459 2210 Τειρεσίας
1488 2119 1870 2210 παρῄνεσεν
1888 2141 1903 2156 ·
2132 2134 2239 2190 330

443 2233 614 2293 οἴκει
641 2217 792 2310 μεθ’
826 2217 1050 2310 ἡμῶν,
1086 2220 1178 2310 μὴ
1205 2221 1463 2312 θύραζε
1489 2229 1627 2291 τῶν
1652 2221 1903 2310 νόμων.

443 2333 577 2394 νῦν
605 2323 735 2414 γὰρ
764 2325 948 2394 πέτει
981 2351 1053 2393 τε
1081 2327 1195 2394 καὶ
1224 2333 1504 2416 φρονῶν
1528 2322 1735 2395 οὐδὲν
1764 2317 2063 2415 φρονεῖς.

447 2433 557 2497 κεί
579 2425 668 2516 μὴ
697 2425 828 2516 γὰρ
859 2433 1042 2496 ἔστιν
1071 2424 1106 2497 ὁ
1137 2427 1301 2510 θεὸς
1333 2420 1551 2516 οὗτος,
1586 2425 1675 2508 ῶς
1709 2426 1797 2497 σὺ
1828 2429 1983 2516 φής,

450 2528 630 2619 παρὰ
657 2531 764 2598 σοὶ
795 2531 1130 2618 λεγέσθω·
1169 2533 1283 2598 καὶ
1311 2530 1747 2612 καταψεύδου
1774 2537 1995 2610 καλῶς

453 2629 544 2712 ὥς
571 2638 710 2701 ἔστι
737 2634 1072 2720 Σεμέλης,
1110 2637 1222 2701 ἵνα
1254 2637 1423 2721 δοκῇ
1451 2632 1624 2701 θεὸν
1653 2647 1897 2719 τεκεῖν,
2136 2646 2239 2702 335

451 2731 610 2822 ἡμῖν
636 2762 708 2803 τε
735 2733 889 2823 τιμὴ
919 2736 1120 2804 παντὶ
1150 2741 1244 2828 τῷ
1276 2737 1457 2822 γένει
1486 2740 1726 2824 προσῇ.

451 2833 613 2928 ὁρᾷς
640 2834 762 2906 τὸν
782 2833 1184 2918 Ἀκταίωνος
1213 2833 1461 2907 ἄθλιον
1486 2836 1734 2926 μόρον,

399 3033 416 3048 ,
455 2934 538 3007 ὃν
565 2934 882 3026 ῶμόσιτοι
907 2940 1236 3022 σκύλακες
1262 2937 1342 3022 ἃς
1380 2943 1715 3030 ἐθρέψατο

457 3040 939 3130 διεσπάσαντο,
969 3039 1303 3133 κρείσσον’
1336 3045 1411 3111 ἐν
1438 3050 1799 3130 κυναγίαις

445 3139 828 3234 Ἀρτέμιδος
855 3143 1028 3215 εἶναι
1054 3142 1483 3234 κομπάσαντ’,
1514 3148 1589 3214 ἐν
1618 3141 1921 3234 ὀργάσιν.
2142 3156 2245 3212 340

458 3241 500 3314 δ’
526 3243 617 3334 μὴ
645 3243 872 3337 πάθῃς
901 3246 1010 3334 σύ,
1043 3247 1253 3339 δεῦρό
1279 3270 1404 3317 σου
1432 3249 1654 3330 στέψω
1685 3246 1859 3338 κάρα

454 3356 668 3443 κισσῷ
689 3373 704 3387 ·
744 3347 892 3438 μεθ’
925 3345 1117 3438 ἡμῶν
1143 3357 1236 3443 τῷ
1271 3357 1416 3442 θεῷ
1448 3348 1650 3439 τιμὴν
1683 3355 1899 3419 δίδου.

451 3447 536 3520 οὐ
562 3448 652 3541 μὴ
689 3459 1067 3543 προσοίσεις
1093 3469 1317 3544 χεῖρα,
1348 3453 1739 3541 βακχεύσεις
1769 3448 1833 3520 δ’
1868 3448 2013 3536 ἰῶν,

457 3551 618 3642 μηδ’
653 3555 988 3644 ἐξομόρξει
1015 3564 1281 3646 μωρίαν
1308 3555 1432 3646 τὴν
1461 3554 1589 3643 σὴν
1622 3558 1775 3644 ἐμοί
1784 3585 1803 3637 3
