2492 3900
273 139 400 202 328
759 141 1174 199 ΗΡΑΚΔΗΣ
1207 143 1823 203 ΜΑΙΝΟΜΕΝΟΣ

509 309 600 397 μὴ
628 309 804 378 πόδα
833 308 1216 397 προκάμητε
2054 313 2201 386 ἀπ.

519 409 699 499 βαρύ
731 437 803 480 τε
829 417 1089 497 κῶλον,
1119 407 1291 479 ὥστε
1318 411 1489 500 πρὸς
1516 429 1837 502 πετραῖον
2210 433 2300 486 120

517 516 721 592 λε’πας
748 511 1122 601 ζυγοφόρος
1149 508 1443 602 ἅρματος
1468 519 1677 604 βάρος
1702 518 1937 604 φέρων

517 614 942 703 τροχηλάτοιο
969 620 1212 694 πῶλος.

520 723 735 803 λαβοῦ
761 722 980 803 χερῶν
1004 718 1121 784 καὶ
1147 718 1444 801 πέπλων,
1474 712 1639 786 ὅτου
1670 722 1937 788 λέλοιπε

523 816 728 897 ποδὸς
757 814 1067 905 άμαυρόν
1095 827 1279 904 ἴχνος
1298 841 1315 854 ·

523 922 739 1008 γε’ρων
767 921 1050 1008 γέροντα
1077 919 1507 1007 παρακόμιζε,
2222 941 2311 992 125

525 1021 598 1090 τὸ
625 1020 835 1110 πάρος
862 1025 936 1090 ἐν
961 1017 1216 1108 ἡλίκων
1244 1021 1475 1102 πόνοις

525 1115 580 1216 ᾧ
607 1122 902 1206 ξύνοπλα
931 1122 1181 1211 δόρατα
1205 1125 1327 1192 νέα
1354 1125 1489 1214 νέῳ

524 1230 734 1313 ξυνῆν
761 1221 936 1312 ποτ’,
967 1221 1441 1304 εὐκλεεστάτας

522 1333 840 1415 πατρίδος
873 1323 1001 1396 οὐκ
1036 1323 1289 1414 ὀνείδη.

527 1435 725 1514 ἴδετε,
761 1427 1009 1517 πατρὸς
1038 1425 1128 1508 ῶς
2224 1448 2327 1501 130

529 1537 873 1619 γοργῶπες
903 1535 1051 1598 αἵδε
1086 1546 1493 1620 προσφερεῖς

529 1629 843 1720 ὀμμάτων
868 1627 1096 1718 αὐγαί,

533 1732 629 1816 [τὸ
661 1733 736 1801 δὲ
765 1731 850 1819 δὴ
877 1733 1236 1821 κακοτυχὲς
1271 1731 1355 1803 ού
1388 1737 1695 1806 λέλοιπεν
1722 1738 1796 1804 ἐκ
1823 1736 2131 1821 τέκνων,]

532 1833 684 1905 οὐδ’
715 1831 1056 1923 ἀποίχεται
1082 1835 1289 1924 χάρις.

524 1935 752 2019 Ἑλλὰς
781 1928 836 2007 m*
863 1938 1241 2027 ξυμμάχους
2224 1957 2323 2013 135

532 2047 717 2122 οἵους
745 2046 928 2121 οἵους
955 2037 1240 2111 ὀλέσασα

535 2140 768 2213 τούσδ’
801 2138 1261 2231 ἀποστερήσει.

537 2241 686 2313 ἀλλ’
722 2241 962 2333 εἶσορῶ
990 2242 1121 2332 γὰρ
1147 2249 1348 2331 τῆσδε
1376 2250 1695 2332 κοίρανον
1719 2242 1969 2330 χθονὸς

537 2345 767 2415 Λύκον
795 2350 1105 2433 περῶντα
1131 2350 1347 2416 τῶνδε
1376 2344 1702 2433 δωμάτων
1727 2344 1963 2434 πάρος.
2072 2416 2081 2425 ,

311 2458 510 2521 ΛΥΚ.
540 2446 659 2517 τὸν
680 2442 1074 2536 Ἡράκλειον
1102 2449 1355 2536 πατέρα
1382 2449 1496 2517 καὶ
1523 2446 1879 2536 ξυνάορον,
2226 2462 2353 2520 140-

544 2558 606 2621 εἰ
626 2549 752 2640 χρή
786 2547 871 2638 μ’,
902 2553 1126 2638 ἐρωτῶ
1146 2573 1160 2587 ·
1201 2548 1327 2641 χρὴ
1357 2546 1449 2636 δ’,
1479 2553 1632 2619 ἐπεί
1652 2577 1729 2637 γε
1760 2548 2088 2636 δεσπότης

543 2651 736 2743 ὑμῶν
764 2648 1137 2741 καθέστηχ’,
1171 2657 1461 2743 ἱστορεῖν
1496 2647 1539 2721 ὁὶ
1565 2652 1912 2740 βούλομαι.

539 2754 658 2825 τίν’
694 2761 786 2833 εἰς
814 2756 1061 2841 χρόνον
1088 2762 1335 2844 ζητεῖτε
1360 2760 1656 2842 μηκῦναι
1685 2759 1875 2842 βίους

543 2853 660 2925 τίν’
696 2851 912 2923 ἐλπίδ’
947 2853 1160 2944 ἀλκήν
1187 2853 1236 2925 τ’
1274 2863 1572 2945 εἰσορᾶτε
1596 2853 1687 2943 μὴ
1717 2867 1995 2936 &av-evm

544 2954 587 3046 ἢ
613 2953 732 3027 τὸν
761 2955 908 3046 παρ’
927 2953 1124 3048 ’Ἅιδῃ
1148 2962 1398 3047 πατέρα
1426 2963 1641 3027 τῶνδε
1669 2965 1982 3046 κείμενον
2239 2974 2343 3027 145

545 3056 894 3131 πιστεύεθ’
928 3057 1151 3149 ‘figam
1183 3057 1272 3142 ῶς
1301 3058 1472 3150 ὑπὲρ
1505 3058 1629 3148 τὴν
1657 3057 1850 3142 ἀξίαν

546 3162 618 3232 τὸ
650 3164 902 3244 πένθος
928 3159 1222 3253 αἴρεσθ’,
1260 3170 1322 3232 εἰ
1344 3174 1589 3233 θανεῖν
1620 3158 1791 3250 ὑμᾶς
1818 3160 2052 3250 χρεῶν,

545 3263 632 3334 σύ
660 3266 785 3352 μὲν
810 3262 975 3333 καθ’
999 3261 1259 3334 Ἑλλάδ’
1295 3262 1600 3353 ἐκβαλὼν
1626 3264 1926 3354 κόμπους
1952 3259 2199 3342 κενοὺς

546 3363 633 3446 ὥς
661 3366 997 3453 σύγγαμός
1029 3389 1134 3435 σοι
1164 3366 1336 3447 Ζεὺς
1402 3379 1435 3418 *
1508 3379 1540 3419 *
1611 3380 1644 3419 *
1715 3380 1748 3419 *
1815 3378 1848 3417 *
1919 3378 1973 3449 *,

547 3464 634 3535 σὺ
666 3462 731 3534 δ’
772 3463 860 3545 ὥς
888 3462 1166 3553 ἀρίστου
1196 3465 1419 3554 φωτὸς
1447 3468 1737 3555 ἐκλήθης
1774 3467 2015 3557 δάμαρ.
2242 3486 2349 3537 150
