2492 3900
295 175 422 237 434

1043 128 1559 236 ΙΠΠΟΛΥΤΟΣ

296 356 479 417 ΦΑῙ.
521 345 868 416 ἀπώλεσέν
892 342 968 432 μ’
1008 350 1289 415 εἰποῦσα
1316 344 1671 433 συμφορὰς
1698 342 1881 434 ἐμάς,

293 559 437 621 XO.

1099 444 1116 469 2
1211 442 1229 467 2
1324 446 1340 468 Ι
1437 445 1453 470 2

521 558 662 631 πῶς
688 540 850 632 οὖν;
881 558 953 619 τί
980 548 1283 640 δράσεις,
1313 540 1369 616 ῶ
1400 547 1701 618 παθοῦσ’
1732 548 2077 639 ἆμήχανας

294 661 478 723 ΦΑΙ.
519 651 646 723 οὐκ
681 651 832 720 οἶδα
858 650 1036 739 πλὴν
1061 654 1172 735 ἕν,
1201 661 1571 721 κατθανεῖν
1596 648 1759 721 ὅσον
1788 654 1985 741 τάχος

299 865 418 927 ῙΠ.

301 1070 422 1132 ΤΡ.

289 1172 414 1233 ΙΠ.

301 1274 424 1335 ΤΡ.

287 1376 412 1437 ΙΠ.

298 1477 422 1539 ΤΡ.

293 1580 412 1643 III.

298 1682 421 1743 ΤΡ.

288 1785 413 1846 ΙΠ.

299 1886 422 1948 ΤΡ.

287 1991 413 2052 ΙΠ.

298 2091 421 2154 ΤΡ.

286 2195 411 2257 ΙΠ.

298 2298 422 2359 ΤΡ.

285 2400 329 2461 Ι
333 2400 411 2461 Π.

525 762 662 823 τῶν
691 761 821 822 νῦν
849 752 1204 843 παρόντων
1235 752 1557 841 πημάτων
1584 751 1743 835 ἄκος
1768 755 2003 842 μόνον.
2213 772 2303 826 606

527 848 582 925 ῶ
610 871 766 944 γαῖα
791 862 998 943 μῆτερ
1025 851 1223 943 ἡλίου
1252 854 1313 923 τ’
1348 852 1746 943 ἆναπτυχαί,

525 964 687 1028 οἴων
715 957 938 1045 λόγων
965 953 1257 1045 ἄρρητον
1284 955 1627 1045 εἰσήκουσ’
1661 954 1813 1028 ὅπα.

523 1068 836 1148 σίγησον,
867 1050 924 1127 ῶ
953 1074 1102 1145 παῖ,
1131 1066 1297 1146 πρίν
1327 1057 1463 1128 τιν’
1498 1062 1863 1129 αἰσθέσθαι
1890 1068 2078 1149 βοῆς.

521 1159 648 1233 οὐκ
684 1159 822 1233 ἔστ’
862 1159 1154 1241 ἀκούσας
1183 1159 1359 1231 δείν’
1392 1157 1573 1242 ὅπως
1599 1162 1977 1251 σιγήσομαι.

523 1267 638 1334 ναὶ
664 1264 828 1352 πρός
863 1285 940 1333 σε
991 1271 1196 1355 τῆσδε
1256 1267 1475 1347 δεξιᾶς
1510 1262 1871 1333 εὐωλένου.
2212 1283 2314 1337 605

523 1365 606 1436 οὐ
635 1365 726 1454 μὴ
755 1371 1136 1454 προσοίσεις
1159 1380 1352 1455 χεῖρα
1376 1364 1535 1454 μηδ’
1574 1362 1733 1448 ἅψει
1760 1369 2073 1451 πέπλωνς

525 1459 582 1537 ῶ
607 1466 776 1557 πρός
803 1491 879 1536 σε
906 1467 1244 1555 γονάτων,
1274 1473 1595 1556 μηδαμῶς
1621 1466 1695 1556 μ’
1728 1469 2071 1559 ἐξεργάσῃ.

521 1577 594 1639 τί
618 1565 709 1656 δ’,
741 1578 927 1657 εἴπερ
959 1566 1047 1649 ῶς
1075 1568 1210 1657 φὴς
1239 1570 1453 1658 μηδὲν
1484 1580 1753 1660 εἴρηκας
1787 1570 2037 1654 κακόν;

520 1669 555 1742 ὁ
584 1678 838 1761 μῦθος,
870 1662 924 1740 ῶ
951 1686 1107 1759 παῖ,
1137 1670 1365 1753 κοινὸς
1394 1668 1707 1759 οὐδαμῶς
1732 1669 1869 1741 ὅδε.
2030 1667 2034 1669 ’

523 1773 604 1845 τά
631 1801 732 1844 τοι
759 1771 907 1843 κάλ’
941 1778 1015 1843 ἐν
1041 1783 1349 1844 πολλοῖσι
1376 1773 1654 1844 κάλλιον
1683 1778 1925 1862 λέγειν.
2212 1793 2313 1848 610

525 1868 580 1947 ῶ
605 1879 875 1964 τέκνον,
911 1872 1158 1966 ὅρκους
1185 1882 1506 1967 μηδαμῶς
1530 1874 1868 1968 ἀτιμάσῃς.

521 1978 562 2071 ἡ
592 1976 843 2068 γλῶσσ’
877 1976 1198 2068 ὀμώμοχ’,
1227 1976 1270 2067 ἡ
1301 1979 1377 2049 δὲ
1402 1977 1588 2071 φρὴν
1616 1977 1977 2067 ἀνώμοτος.

521 2074 576 2152 ῶ
606 2097 757 2170 παῖ,
789 2089 860 2150 τί
890 2081 1189 2172 δράσεις;
1219 2081 1386 2163 σούς
1414 2088 1658 2170 φίλους
1686 2083 2061 2171 διεργάσει;

517 2180 846 2254 ἆπέπτυσ’
867 2206 882 2221 ·
919 2181 1145 2265 οὐδεὶς
1173 2180 1405 2265 ἄδικός
1433 2187 1579 2254 ἐστί
1597 2211 1709 2273 μοι
1737 2191 1952 2272 φίλος.
2210 2203 2315 2258 614

519 2282 871 2374 σύγγνωθ’
896 2306 910 2319 ·
941 2280 1263 2375 ἁμαρτεῖν
1296 2284 1473 2368 εἰκὸς
1502 2284 1948 2375 ἀνθρώπους,
1980 2290 2246 2358 τέκνον.

521 2379 576 2457 ῶ
602 2393 776 2473 Ζεῦ,
809 2393 880 2455 τί
903 2384 988 2474 δὴ
1016 2393 1345 2476 κίβδηλον
1376 2386 1767 2477 ἀνθρώποις
1793 2388 2005 2458 κακὸν

517 2505 843 2581 γυναῖκας
870 2495 964 2571 εἰς
993 2497 1136 2579 φῶς
1163 2487 1361 2580 ἡλίου
1390 2490 1797 2582 κατῴκισαςς

522 2601 586 2664 εἰ
609 2591 738 2683 γὰρ
769 2591 1079 2682 βρότειον
1112 2588 1358 2680 ἤθελες
1385 2607 1651 2682 σπεῖραι
1680 2594 1895 2680 γένος,

520 2692 645 2766 οὐκ
675 2698 748 2764 ἐκ
774 2700 1123 2782 γυναικῶν
1148 2701 1319 2785 χρῆν
1338 2697 1798 2785 παρασχέσθαι
1825 2695 2001 2784 τόδε,

517 2793 667 2866 ἄλλ’
701 2792 1100 2877 ἄντιθέντας
1125 2811 1344 2866 σοῖσιν
1375 2800 1449 2867 ἐν
1477 2812 1665 2877 ναοῖς
1698 2796 1982 2885 βροτοὺς
2204 2815 2317 2870 620

519 2895 565 2987 ἢ
595 2895 850 2988 χρυσὸν
877 2893 921 2984 ἦ
947 2903 1229 2989 σίδηρον
1256 2893 1300 2986 ἢ
1324 2905 1577 2986 χαλκοῦ
1606 2897 1810 2988 βάρος

519 3006 784 3072 παίδων
819 3005 1150 3088 πρίασθαι
1178 3003 1437 3091 σπέρμα
1455 3053 1473 3089 ,
1504 3009 1622 3070 τοῦ
1648 2999 2009 3089 τιμήματος

519 3111 635 3192 τῆς
663 3101 850 3188 ἀξίας
881 3105 1196 3174 ἕκαστον·
1235 3105 1311 3172 ἐν
1345 3104 1421 3174 δὲ
1448 3103 1709 3191 δώμασι

517 3215 738 3277 ναίειν
765 3208 1184 3295 ἐλευθέροισι
1211 3213 1512 3294 θηλειῶν
1545 3202 1724 3293 ἄτερ.

520 3315 674 3391 [νῦν
710 3305 775 3379 δ’
812 3314 906 3387 εἰς
935 3306 1184 3395 δόμους
1209 3307 1335 3396 μὲν
1361 3315 1632 3399 πρῶτον
1661 3304 1940 3389 ἄξεσθαι
1970 3304 2185 3377 κακὸν
2208 3321 2313 3376 625

520 3413 870 3496 μέλλοντες
899 3405 1107 3495 ὄλβον
1133 3409 1461 3495 δωμάτων
1489 3414 1882 3498 ἐκτίνομεν.]

380 3519 386 3528 “
518 3509 735 3600 τούτῳ
765 3511 841 3580 δὲ
867 3515 1076 3596 δῆλον
1105 3505 1192 3588 ῶς
1220 3509 1394 3598 γυνὴ
1427 3509 1635 3580 κακὸν
1663 3511 1832 3599 μέγα
1853 3530 1866 3543 ·
