2492 3900
52 22 511 191 “-
964 136 1409 196 ΑΛΚΗΣΤΙΣ

173 520 326 583 ΦΕ.

199 2043 343 2104 ΑΔ.

408 301 761 395 στείχοντ’,
791 300 1088 384 ὀπαδούς
1115 299 1165 371 τ’
1199 306 1275 373 έν
1301 319 1526 392 χεροῖν
1556 302 1837 395 δάμαρτι
1866 312 1952 393 σῇ

417 410 669 497 κόσμον
699 410 1061 495 φέροντας,
1096 408 1435 496 νερτέρων
1464 400 1824 492 ἀγάλματα.

421 507 560 599 ἥκω
589 523 852 579 κακοῖσι
881 523 1058 577 σοῖσι
1084 506 1513 595 συγκάμνων,
1541 508 1807 576 τέκνον·

417 616 663 699 ἐσθλῆς
693 610 853 698 γάρ,
885 605 1111 689 οὐδεὶς
1137 604 1434 698 ἀντερεῖ,
1464 610 1575 677 καὶ
1602 608 1951 695 σώφρονος

420 710 739 801 γυναικὸς
767 706 1164 799 ἡμάρτηκας.
1220 706 1389 779 ἀλλὰ
1414 716 1621 781 ταῦτα
1647 710 1773 798 μὲν

421 819 657 905 φέρειν
684 810 938 900 ἀνάγκη
967 818 1209 902 καίπερ
1236 808 1397 881 ὅντα
1427 816 1746 900 δυσμενῆ.

423 920 622 1004 δέχου
650 915 725 984 δὲ
754 914 1003 1001 κόσμον
1021 912 1240 1000 τόνδε,
1268 916 1382 983 καὶ
1410 913 1575 984 κατὰ
1599 912 1850 1000 χθονὸς

425 1028 542 1087 ἴτω
561 1041 576 1055 ·
607 1015 681 1085 τὸ
709 1016 953 1103 ταύτης
979 1022 1167 1103 σῶμα
1194 1021 1519 1104 τιμᾶσθαι
1545 1011 1785 1105 χρεών,

423 1116 563 1207 ἥτις
592 1146 669 1205 γε
695 1124 811 1205 τῆς
839 1124 959 1205 σῆς
987 1116 1342 1206 προύθανε
1367 1122 1618 1204 ψυχῆς,
1651 1120 1909 1202 τέκνον,

428 1229 547 1289 καί
567 1216 626 1308 μ’
659 1216 784 1289 οὐκ
812 1214 1044 1287 ἄπαιδ’
1077 1224 1328 1305 ἔθηκεν
1356 1215 1509 1287 οὐδ’
1549 1226 1730 1288 εἴασε
1761 1224 1887 1287 σοῦ

428 1325 743 1412 στερέντα
769 1320 945 1411 γήρᾳ
971 1328 1285 1412 πενθίμῳ
1311 1328 1784 1408 καταφθίνειν,

427 1423 666 1503 πάσαις
695 1418 757 1492 δ’
793 1428 1042 1509 ἔθηκεν
1072 1418 1547 1511 εὐκλεέστερον
1577 1429 1733 1511 βίον

425 1525 766 1613 γυναιξίν,
799 1530 996 1611 ἔργον
1025 1530 1232 1592 τλᾶσα
1259 1538 1577 1611 γενναῖον
1607 1525 1782 1594 τόδε.

426 1654 478 1695 ω
507 1625 703 1695 τόνδε
729 1625 854 1712 μὲν
881 1622 1133 1695 σώσασ’
1141 1622 1611 1713 ,ἀναστήσασα
1641 1625 1716 1694 δὲ

425 1724 593 1817 ἡμᾶς
621 1734 1007 1813 πίτνοντας,
1037 1741 1258 1815 χαῖρε,
1295 1724 1423 1796 κάν
1432 1722 1667 1796 ’Ἅιδου
1696 1726 1925 1814 δόμοις

429 1820 507 1899 εὖ
535 1852 641 1898 σοι
668 1831 946 1916 γένοιτο.
1004 1830 1175 1916 φημὶ
1203 1828 1549 1908 τοιούτους
1578 1828 1833 1916 γάμους

429 1932 620 2002 λύειν
647 1938 1021 2020 βροτοῖσιν,
1051 1958 1094 2017 η
1120 1945 1361 2018 γαμεῖν
1387 1926 1512 1999 οὐκ
1540 1926 1745 2012 αξιον.

428 2029 560 2103 ουτ’
594 2025 800 2120 ἦλθες
829 2040 922 2113 εἰς
948 2029 1133 2102 τόνδ’
1167 2035 1233 2115 ἐξ
1264 2036 1426 2119 ἐμοῦ
1455 2034 1729 2120 κληθεὶς
1756 2032 1991 2120 τάφον,

426 2131 560 2204 οὔτ’
593 2138 667 2204 ἐν
695 2143 954 2223 φίλοισι
979 2132 1108 2220 σὴν
1139 2141 1517 2223 παρουσίαν
1539 2139 1735 2220 νέμω.

424 2235 675 2323 κόσμον
703 2237 779 2306 δὲ
805 2235 923 2306 τὸν
952 2233 1076 2304 σὸν
1102 2233 1356 2307 οὔποθ’
1389 2232 1500 2324 ἥδ’
1534 2238 1904 2308 ἐνδύσεται.

424 2342 529 2433 [οὗ
563 2343 693 2433 γάρ
728 2371 789 2412 τι
822 2346 959 2411 τῶν
995 2345 1136 2409 σῶν
1174 2338 1409 2426 ἐνδεὴς
1442 2334 1847 2427 ταφήσεται]

426 2437 574 2506 τότε
601 2439 958 2525 ξυναλγεῖν
984 2444 1153 2526 χρῆν
1181 2434 1244 2507 σ’
1278 2434 1365 2507 ὅτ’
1400 2435 1718 2526 ὠλλύμην
1745 2438 1897 2525 ἐγώ.

428 2538 514 2607 σύ
544 2536 608 2607 δ’
646 2537 951 2608 ἐκποδῶν
979 2536 1136 2620 στὰς
1164 2541 1277 2608 καὶ
1305 2540 1537 2626 παρεὶς
1564 2536 1744 2631 ἄλλῳ
1772 2551 2016 2609 θανεῖν

427 2643 558 2731 νέςο
590 2644 808 2729 γέρων
836 2639 967 2727 ὤν,
997 2637 1183 2710 τόνδ’
1217 2637 1575 2728 ἆποιμώξει
1607 2641 1890 2729 νεκρόν;

432 2737 556 2811 οὐκ
591 2734 739 2830 ἦσθ’
777 2738 874 2831 ἄρ’
905 2740 1130 2833 ὀρθῶς
1156 2746 1358 2811 τοῦδε
1385 2743 1684 2829 σώματος
1710 2743 1925 2831 πατὴρ

424 2842 580 2914 οὐδ’
626 2843 667 2933 ἡ
689 2859 906 2913 τεκεῖν
935 2843 1289 2931 φάσκουσα
1316 2846 1429 2914 καὶ
1456 2848 1826 2933 κεκλημένη

424 2943 655 3032 [μήτηρ
677 2943 1000 3033 μ’ἔτικτε·
1041 2951 1323 3015 δουλίου
1352 2943 1417 3016 δ’
1459 2943 1570 3034 ἀφ’
1604 2952 1873 3035 αἵματος

426 3053 651 3138 μαστῷ
679 3045 1000 3134 γυναικὸς
1028 3055 1146 3136 σῆς
1173 3043 1575 3136 ὑπεβλήθην
1602 3050 1874 3140 λάθρᾳ].

430 3149 681 3229 ἔδειξας
709 3156 803 3230 εἰς
838 3155 1111 3236 ἔλεγχον
1139 3148 1435 3232 ἐξελθών
1465 3144 1537 3230 ὃς
1574 3148 1654 3236 εἴ,

427 3256 548 3318 καί
565 3245 624 3337 μ’
660 3248 740 3319 οὐ
772 3258 1017 3338 νομίζω
1046 3256 1254 3320 παῖδα
1284 3249 1408 3320 σὸν
1435 3255 1832 3338 πεφυκέναι.

427 3341 470 3437 ἦ
496 3347 663 3439 τάρα
690 3353 963 3423 πάντων
991 3355 1380 3442 διαπρέπεις
1415 3349 1691 3443 ἀψυχίᾳ,

426 3447 499 3531 ὃς
525 3451 870 3540 τηλικόσδ’
906 3449 1003 3522 τόν
1030 3451 1191 3523 κάπὶ
1221 3452 1393 3543 τέρμ’
1426 3450 1613 3543 ἥκων
1636 3461 1796 3541 βίου

2101 131 2181 194 25

2092 1130 2195 1187 620

2094 1641 2196 1697 625

2095 2151 2198 2206 630

2097 2656 2197 2712 635
