2492 3900
335 132 465 212 296
1079 135 1619 194 HPAKAEIAAl
2453 0 2463 268 1

575 306 638 370 εί
662 298 792 390 γὰρ
823 299 1104 388 παρήσω
1131 299 1331 370 τόνδε
1354 305 1695 370 συλᾶσθαι
1722 309 1869 394 βίᾳ·

571 403 768 484 ξένου
794 400 962 491 πρὸς
993 399 1242 492 ἀνδρὸς
1268 402 1535 490 βωμόν,
1562 401 1692 472 οὐκ
1720 404 2091 493 ἐλευθέραν

573 509 785 574 οἰκεῖν
813 503 1078 592 δοκήσω
1107 519 1334 592 γαῖαν,
1364 501 1689 594 Ἀργείοις
1715 502 1779 573 δ’
1814 506 1997 599 ὄκνῳ
2259 523 2352 576 245
2460 595 2462 600 .

575 607 794 686 ἱκέτας
821 610 1226 696 προδοῦναι·
1258 608 1373 676 καὶ
1398 603 1548 676 τάδ’
1581 604 1869 694 ἀγχόνης
1898 609 2122 688 πέλας.
2461 615 2462 618 ’

573 703 712 777 ἀλλ’
743 703 1002 794 ὄφελες
1027 707 1153 794 μὲν
1181 704 1653 797 εὐτυχέστερος
1675 718 1909 796 μολεῖν
1926 731 1940 744 ·

572 805 749 896 ὅμως
777 808 853 878 δὲ
878 810 994 878 καὶ
1020 815 1154 877 νῦν
1179 807 1271 896 μὴ
1298 811 1535 899 τρέσῃς
1560 806 1741 889 ὅπως
1768 812 1847 880 σε’
1882 837 1981 890 τις

569 908 700 979 σῦν
725 912 917 980 παισὶ
944 918 1178 1000 βωμοῦ
1204 908 1393 980 τοῦδ’
1427 908 1799 980 ἀποσπάσει
1826 918 1963 1001 βίᾳ.

569 1009 657 1082 σῦ
686 1008 752 1081 δ’
777 1008 1024 1101 Ἀργος
1053 1011 1283 1082 ἐλθὼν
1308 1013 1520 1082 ταῦτά
1554 1009 1615 1082 τ’
1648 1009 2015 1102 Εὐρυσθεῖ
2034 1014 2325 1104 φράσον,

572 1112 740 1203 πρὸς
765 1117 994 1185 τοῖσδέ
1015 1113 1104 1200 τ’,
1135 1125 1204 1183 εί
1223 1142 1289 1182 τι
1315 1112 1557 1187 τοισίδ’
1592 1117 1862 1202 ἐγκαλεῖ
1884 1117 2121 1201 ξένοις,
2266 1133 2357 1183 251

573 1222 765 1304 δίκης
795 1216 1145 1307 κυρήσειν·
1165 1219 1414 1288 τούσδε
1438 1215 1495 1284 δ’
1510 1213 1637 1286 οῦκ
1662 1213 1839 1299 ἄξεις
1868 1218 2047 1284 ποτέ.

341 1323 489 1384 ΚΟ.
573 1315 726 1387 οὐδ’
757 1314 847 1406 ἢν
874 1324 1140 1388 δίκαιον
1165 1309 1211 1408 ᾖ
1235 1345 1301 1388 τι
1328 1320 1442 1387 καὶ
1468 1326 1637 1388 νικῶ
1666 1318 1883 1410 λόγως

339 1424 495 1486 ΔΗ.
570 1421 852 1500 καὶπῶς
884 1426 1149 1490 δίκαιον
1175 1419 1295 1492 τὸν
1322 1422 1549 1509 ἱκέτην
1576 1418 1768 1508 ἄγειν
1794 1428 1945 1511 βίας

340 1526 490 1588 KO.
575 1516 834 1590 οὔκουν
863 1524 1010 1608 ἐμοὶ
1035 1519 1182 1593 τόδ’
1213 1523 1525 1611 αἰσχρόν,
1556 1520 1727 1592 ἄλλα
1753 1525 1861 1593 σοὶ
1887 1523 2179 1610 βλάβος,
2262 1540 2363 1590 255
2456 1531 2465 1553 ⁴

339 1626 498 1690 AH.
575 1624 726 1711 ἐμοί
748 1619 842 1711 γ’,
875 1622 992 1694 ἐάν
1021 1644 1130 1694 σοι
1155 1621 1390 1694 τούσδ’
1423 1627 1832 1713 ἐφέλκεσθαι
1858 1631 2073 1712 μεθῶ.

341 1731 491 1792 ΚΟ.
574 1722 662 1794 σύ
695 1721 761 1792 δ’
795 1725 1071 1816 ἐξόριζε,
1107 1718 1254 1818 κᾷτ’
1288 1730 1557 1797 ἐκεῖθεν
1584 1724 1847 1816 ἄξομεν.

340 1831 498 1895 ΛΗ.
571 1824 803 1908 σκαιὸς
828 1829 1136 1915 πέφυκας
1162 1835 1287 1898 τοῦ
1312 1837 1487 1898 θεοῦ
1514 1837 1725 1900 πλείω
1754 1834 2051 1919 φρονῶν.

345 1935 493 1997 ΚΟ.
579 1926 796 2019 δεῦρ’,
831 1926 920 2011 ὥς
949 1937 1159 2019 ἔοικε,
1187 1944 1324 2013 τοῖς
1350 1947 1612 2003 κακοῖσι
1640 1931 1989 2022 φευκτέον.

344 2036 501 2099 ΔΗ.
579 2029 784 2102 ἅπασι
814 2032 1047 2103 κοινὸν
1073 2038 1256 2124 ῥῦμα
1285 2035 1627 2122 δαιμόνων
1657 2037 1841 2124 ἕδρα.
2266 2050 2361 2105 260

342 2139 492 2200 ΚΟ.
576 2132 766 2204 ταῦτ’
797 2132 881 2204 οῦ
910 2136 1181 2225 δοκήσει
1209 2151 1346 2217 τοῖς
1372 2144 1802 2225 Μυκηναίοις
1830 2146 2007 2216 ἴσως.

343 2239 500 2303 ΔΗ.
575 2232 830 2306 οὔκουν
856 2236 987 2325 ἐγω
1015 2245 1152 2307 τῶν
1179 2236 1418 2309 ἐνθάδ’
1454 2242 1586 2327 εἰμὶ
1614 2240 1883 2329 κῦριος;

339 2343 493 2405 ΚΟ.
577 2336 891 2424 βλάπτων
918 2337 986 2426 γ’
1020 2342 1323 2421 ἐκείνους
1347 2344 1590 2429 μηδέν,
1620 2338 1707 2429 ἤν
1733 2370 1797 2409 τι
1824 2347 2212 2431 σωφρονῇς.

344 2442 501 2507 ΔΗ.
579 2437 950 2526 βλάπτεσθ’
983 2444 1148 2529 ἐμοῦ
1177 2470 1256 2532 γε
1281 2441 1373 2531 μὴ
1398 2451 1783 2533 μιαίνοντος
1810 2441 2036 2522 θεούς.

343 2547 493 2609 KO.
580 2537 663 2610 οὐ
692 2538 1031 2631 βούλομαί
1051 2565 1129 2613 σε
1156 2544 1452 2633 πόλεμον
1481 2543 1805 2635 Ἀργείοις
1833 2552 2028 2632 ἔχειν.
2266 2560 2363 2615 265

345 2647 501 2711 ΔΗ.
576 2641 760 2734 κάγώ
790 2654 1092 2728 τοιοῦτος
1110 2669 1125 2684 ·
1165 2652 1380 2717 τῶνδε
1410 2645 1474 2717 δ’
1509 2645 1592 2717 οὐ
1618 2646 2016 2736 μεθήσομαι.

344 2750 492 2811 ΚΟ.
575 2743 708 2827 ἄξω
737 2773 814 2832 γε
839 2749 1070 2834 μέντοι
1095 2748 1255 2829 τοῦς
1286 2750 1487 2837 ἐμοὺς
1515 2748 1645 2838 ἐγώ
1686 2748 1933 2837 λαβών.

343 2851 502 2913 ΛΗ.
576 2844 702 2915 οὐκ
731 2838 844 2935 ἆρ’
878 2850 946 2926 ἐς
962 2845 1207 2937 ’Ἄργος
1235 2856 1487 2943 ῥᾳδίως
1512 2849 1667 2922 ἄπει
1694 2850 1917 2921 πάλιν.

350 2954 494 3021 ΚΟ.
577 2947 990 3038 πειρώμενος
1019 2949 1102 3039 δὴ
1134 2954 1336 3023 τοῦτό
1362 2951 1429 3043 γ’
1462 2952 1684 3025 αὐτίκ’
1720 2964 1995 3041 εἴσομαι.

355 3055 502 3121 ΔΗ.
577 3056 832 3121 κλαίων
859 3048 970 3141 ἄρ’
1005 3049 1164 3137 ἅψει
1190 3061 1407 3127 τῶνδε
1438 3054 1610 3127 κούκ
1640 3061 1705 3137 ἐς
1736 3052 2046 3145 ἆμβολάς.
2266 3068 2359 3125 270

341 3158 491 3219 ΚΟ.
575 3150 666 3241 μὴ
695 3151 862 3242 πρὸς
889 3164 1078 3226 θεῶν
1104 3157 1370 3247 κήρυκα
1396 3160 1725 3249 τολμήσῃς
1752 3168 2005 3227 θενεῖν.

346 3258 502 3323 ΔΗ.
577 3261 643 3324 εἰ
662 3256 753 3345 μή
783 3254 850 3345 γ’
883 3252 918 3327 ὁ
945 3264 1158 3350 κῆρυξ
1188 3277 1572 3350 σωφρονεῖν
1596 3262 1989 3349 μαθήσεται.

345 3363 491 3424 ΧΟ.
577 3353 864 3429 ἄπελθε·
895 3362 1010 3429 καὶ
1037 3360 1124 3430 σὺ
1152 3368 1354 3431 τοῦδε
1380 3363 1470 3451 μὴ
1499 3370 1734 3452 θίγῃς,
1766 3361 1948 3444 ἅναξ.

329 3464 494 3523 'KQ
577 3467 814 3549 στείχω
832 3482 846 3497 ·
875 3468 1029 3548 μιᾶς
1053 3461 1183 3552 γὰρ
1208 3461 1431 3552 χειρὸς
1455 3463 1752 3553 ἀσθενὴς
1777 3464 1969 3552 μάχη.
