2492 3900
265 116 392 184 274

231 3064 378 3127 HA.

1087 117 1480 176 HAEKTPA

497 294 609 358 κεί
629 289 754 376 μὲν
781 287 1042 368 πόλεως
1071 282 1327 356 ἅλωσιν
1355 284 1711 374 ἐξιώμενος

499 384 543 478 ἦ
570 387 741 480 δῶμ’
773 387 1044 479 ὀνήσων
1069 385 1279 458 vana
1304 385 1368 456 τ’
1400 387 1721 458 έκσώσων
1748 389 1951 458 τέκνα
2164 407 2307 460 102⁵

502 499 759 563 ἔκτεινε
787 498 1058 563 πολλῶν
1085 498 1252 579 μίαν
1276 486 1450 580 ὅπερ
1467 543 1488 578 ,
1519 487 1903 580 συγγνώστ’
1938 485 2026 559 ἂν
2050 482 2180 579 ἦν·

499 603 634 665 νῦν
661 594 731 666 δ’
769 591 996 682 οὕνεχ’
1023 590 1255 680 Ἑλένη
1282 592 1535 682 μάργος
1561 583 1649 680 ἦν
1676 622 1713 662 ο
1741 590 1803 661 τ’
1836 583 1929 662 αὖ
1954 592 2195 682 λαβων

501 693 746 786 αλοχον
773 697 1080 781 κολάζειν
1109 695 1437 822 προδότιν
1462 692 1591 765 οὐκ
1636 693 1983 784 ἠπίστατο,

502 799 760 870 τούτων
785 803 972 870 ἕκατι
998 793 1186 868 παῖδ’
1226 797 1397 886 ἐμὴν
1428 798 1773 869 διώλεσεν.

501 905 611 972 ἐπὶ
637 907 860 972 τοῖσδε
886 909 1128 971 τοίνυν
1151 910 1395 989 καίπερ
1424 897 1795 990 ἠδικημένη
2158 919 2299 974 1030

496 1002 625 1074 οὐκ
668 1000 1017 1094 ἠγριώμην
1058 999 1211 1074 οὐδ’
1243 999 1329 1072 ἂν
1358 1010 1641 1072 ἔκτανον
1666 1003 1899 1072 πόσιν·

497 1104 647 1176 ἀλλ’
679 1098 841 1196 ἦλθ’
883 1114 1055 1195 ἔχων
1081 1134 1194 1195 μοι
1221 1102 1499 1194 μαινάδ’
1534 1112 1779 1176 ἔνθεον
1804 1107 2017 1195 κόρην

494 1213 794 1300 λέκτροις
819 1205 879 1279 τ’
912 1212 1391 1297 ἐπεισέφρηκε,
1421 1210 1531 1277 καὶ
1560 1208 1799 1297 νύμφα
1826 1207 1953 1278 δύο

497 1316 572 1382 έν
598 1329 814 1383 τοῖσιν
842 1310 1072 1393 αὐτοῖς
1098 1311 1403 1411 δώμασιν
1430 1308 1684 1398 κατεῖχ’
1726 1309 1920 1400 ὁμοῦ.

495 1421 729 1504 μῶρον
754 1415 880 1503 μὲν
908 1406 1038 1484 οὖν
1063 1431 1414 1503 γυναῖκες,
1444 1411 1573 1484 οὐκ
1608 1410 1829 1495 αλλως
1856 1414 2063 1500 λέγω·
2154 1433 2295 1488 1035

491 1544 654 1585 οταν
683 1514 747 1584 δ’
755 1512 1096 1603 ,ὑπόντος
1122 1514 1315 1586 τοῦδ’
1323 1512 1719 1608 ,ἁμαρτάνῃ
1746 1516 1939 1596 πόσις

490 1615 740 1688 τανδον
767 1618 1082 1707 παρώσας
1112 1622 1389 1709 λέκτρα,
1416 1629 1772 1708 μιμεῖσθαι
1799 1620 1992 1688 θέλει

487 1720 664 1810 γυνὴ
693 1719 814 1791 τὸν
840 1718 1059 1810 ἄνδρα
1087 1718 1373 1812 χᾶτερον
1396 1729 1690 1791 κτᾶσθαι
1722 1728 1932 1811 φίλον
1952 1743 1967 1758 ·

487 1819 748 1894 κᾶπειτ’
783 1828 857 1894 ἐν
887 1821 1050 1913 ἡμῖν
1079 1821 1114 1894 ὁ
1143 1825 1353 1914 ψόγος
1379 1825 1864 1915 λαμπρύνεται,

485 1932 558 1997 οἰ
580 1924 645 1997 δ’
679 1937 881 2000 αἴτιοι
911 1927 1120 1999 τῶνδ’
1151 1925 1235 2000 οὐ
1266 1925 1547 1999 κλύουσ’
1582 1925 1826 2018 ἅνδρες
1852 1934 2093 2011 κακῶς.
2148 1947 2291 2003 1040

485 2038 552 2101 εί
579 2029 643 2100 δ’
678 2035 750 2101 ἐκ
779 2032 1008 2121 δόμων
1035 2029 1337 2122 ἥρπαστο
1365 2036 1728 2113 Μενέλεως
1756 2028 2003 2123 λάθρᾳ,

482 2150 756 2227 κτανεῖν
780 2131 854 2223 μ’
892 2132 1212 2224 Ὀρέστην
1233 2141 1437 2224 χρῆν,
1466 2135 1871 2224 κασιγνήτης
1899 2134 2102 2205 πόσιν

477 2239 838 2307 Μενέλαον
865 2234 954 2319 ὥς
981 2236 1305 2325 σώσαιμι;
1335 2235 1452 2318 σὸς
1478 2239 1554 2308 δὲ
1582 2246 1724 2319 πῶς
1750 2235 1965 2325 πατὴρ

479 2335 780 2427 ἠνέσχετ’
815 2333 900 2406 ἂν
929 2336 1119 2408 ταῦτ’
1147 2371 1164 2422 ;
1199 2338 1340 2409 εἶτα
1365 2337 1487 2409 τὸν
1515 2341 1641 2429 μὲν
1667 2338 1751 2410 οὗ
1779 2351 2026 2410 θανεῖν
2138 2358 2283 2413 1044

477 2447 828 2512 κτείνοντα
859 2447 1029 2532 χρῆν
1056 2438 1225 2531 τᾶμ’,
1270 2443 1385 2531 ἐμὲ
1414 2443 1491 2513 δὲ
1518 2441 1687 2532 πρὸς
1714 2449 1948 2513 κείνου
1978 2454 2280 2529 παθεῖν;

477 2541 747 2634 ἔκτειν’,
783 2548 1129 2636 ἐτρέφθην
1152 2542 1370 2634 ἥνπερ
1404 2536 1492 2633 ἦν
1520 2547 1935 2635 πορεύσιμον

477 2646 644 2739 πρὸς
669 2646 829 2730 τούς
857 2654 1096 2741 ἐκείνῳ
1127 2654 1512 2737 πολεμίους.
1554 2656 1779 2736 φίλων
1806 2645 1934 2737 γὰρ
1972 2644 2059 2717 ἂν

471 2759 571 2833 τίς
597 2750 684 2823 ἂν
711 2750 963 2839 πατρὸς
991 2758 1119 2821 σοῦ
1150 2750 1371 2839 φόνον
1398 2751 1813 2841 ἐκοινώνησέ
1836 2778 1985 2841 μοις

470 2851 612 2941 λέγ’
647 2863 717 2923 εί
732 2882 795 2923 τι
821 2853 1080 2943 χρῄζεις
1109 2850 1431 2935 κάντίθες
1456 2861 1819 2947 παρρησίᾳ,

465 2951 648 3037 ὅπως
669 2956 959 3043 τέθνηκε
987 2954 1102 3037 σὸς
1129 2953 1348 3046 πατὴρ
1378 2953 1507 3026 οὐκ
1541 2960 1844 3039 ἐνδίκως
2124 2975 2273 3030 1050

463 3063 663 3146 δίκην
693 3060 946 3141 ἔλεξας·
979 3057 1062 3148 σὴ
1095 3064 1252 3147 δίκη
1283 3056 1351 3129 δ’
1386 3065 1676 3150 αἰσχρῶς
1704 3068 1861 3149 ἔχει·

461 3176 752 3249 γυναῖκα
777 3160 907 3251 γὰρ
935 3160 1061 3252 χρὴ
1083 3162 1303 3232 πάντα
1328 3178 1705 3252 συγχωρεῖν
1732 3163 1949 3254 πόσει,

459 3260 604 3352 ἥτις
632 3264 1006 3355 φρενήρης·
1039 3256 1086 3357 ᾗ
1115 3265 1192 3335 δὲ
1217 3262 1308 3355 μὴ
1338 3269 1531 3335 δοκεῖ
1552 3265 1733 3353 τάδε,

460 3364 612 3439 οὐδ’
649 3377 742 3453 εἰς
770 3366 1068 3461 ἀριθμὸν
1094 3375 1232 3439 τῶν
1262 3372 1441 3455 ἐμῶν
1469 3364 1617 3455 ἥκει
1644 3368 1888 3456 λόγων.
