2492 3900
987 136 1549 195 ΑΝΔΡΟΜΑΧΗ

219 318 376 379 ΠΗ.
457 318 671 395 οἴμοι,
699 302 862 375 καθ’
893 300 1156 373 Ἑλλάδ’
1193 298 1284 383 ὥς
1315 309 1537 382 κακῶς
1567 308 1901 389 νομίζεται
1920 324 1935 339 ·

450 407 615 479 ὅταν
643 420 932 498 τροπαῖα
965 412 1305 493 πολεμίων
1332 404 1540 493 στήσῃ
1568 403 1868 493 στρατός,

457 509 541 581 ού
567 518 706 580 τῶν
739 507 1136 579 πονούντων
1168 504 1461 595 τοῦργον
1488 502 1813 593 ἡγοῦνται
1842 506 2018 595 τόδε,

458 610 604 683 ἀλλ’
637 608 674 681 ὁ
707 609 1073 702 στρατηγὸς
1101 608 1230 697 τὴν·
1254 609 1535 698 δόκησιν
1565 605 1875 698 άρνυται,

458 712 532 797 ὃς
561 710 654 796 εἷς
680 710 824 801 μετ’
861 710 1084 783 ἄλλων
1109 720 1377 803 μυρίων
1406 710 1681 783 πάλλων
1717 710 1910 801 δόρυ,

459 815 664 886 οὐδὲν
691 818 898 887 πλέον
929 822 1115 906 δρῶν
1144 813 1295 896 ἑνὸς
1327 821 1458 903 ἔχει
1487 821 1698 883 πλείω
1727 813 1949 903 λόγον.

457 920 690 1007 σεμνοὶ
718 914 782 987 δ’
817 921 890 987 έν
917 915 1146 1007 ἀρχαῖς
1173 912 1409 1005 ἥμενοι
1434 914 1601 986 κατὰ
1629 916 1863 988 πτόλιν

459 1028 791 1111 φρονοῦσι
825 1019 1043 1109 δήμου
1068 1027 1327 1107 μεῖζον,
1358 1014 1545 1099 ὄντες
1573 1015 1850 1101 οὐδένες
1868 1041 1884 1057 ·

460 1124 522 1192 οἳ
555 1120 622 1193 δ’
663 1124 836 1193 εἰσὶν
860 1119 1088 1191 αὐτῶν
1115 1128 1338 1213 μυρίῳ
1366 1119 1762 1209 σοφώτεροι,

467 1232 530 1295 εἰ
553 1225 760 1313 τόλμα
787 1226 1225 1315 προσγένοιτο
1254 1223 1575 1313 βούλησίς
1603 1219 1677 1293 θ’
1713 1218 1867 1311 ἅμα.

463 1324 552 1408 ὥς
577 1326 691 1397 καὶ
722 1327 809 1398 σὺ
836 1328 953 1407 σός
979 1322 1041 1396 τ’
1076 1324 1370 1415 ἀδελφὸς
1398 1328 1858 1413 ἐξωγκωμένοι

470 1438 676 1522 Τροίᾳ
705 1430 1018 1518 κάθησθε
1047 1436 1126 1519 τῇ
1155 1426 1217 1498 τ’
1252 1433 1397 1499 ἐκεῖ
1416 1435 1801 1520 στρατηγίᾳ,

460 1533 816 1621 μόχθοισιν
845 1530 1068 1603 ἄλλων
1095 1534 1209 1602 καὶ
1236 1532 1470 1613 πόνοις
1499 1534 1879 1620 ἐπηρμένοι.

467 1638 662 1717 δείξω
692 1632 756 1703 δ’
792 1634 924 1724 ἐγώ
951 1657 1055 1705 σοι
1085 1635 1176 1724 μὴ
1206 1634 1327 1705 τὸν
1347 1632 1587 1705 Ἰδαῖον
1609 1634 1831 1724 Πάριν

458 1733 641 1824 ἥσσω
668 1744 964 1825 νομίζειν
992 1740 1270 1825 Πηλέως
1302 1737 1552 1826 ἐχθρόν
1580 1762 1759 1824 ποτε,

458 1846 520 1907 εἰ
543 1837 632 1925 μὴ
665 1850 918 1927 φθερεῖ
937 1838 1124 1927 τῆσδ’
1160 1837 1248 1920 ὥς
1278 1836 1528 1927 τάχιστ’
1563 1836 1694 1907 ἀπὸ
1724 1838 1959 1926 στέγης

467 1942 580 2009 καὶ
607 1955 762 2020 παῖς
790 1937 1094 2027 ἄτεκνος,
1123 1936 1210 2027 ἣν
1237 1936 1346 2009 ὅδ’
1385 1943 1450 2022 ἐξ
1477 1936 1670 2026 ἡμῶν
1700 1937 1913 2027 γεγως

465 2045 584 2133 ε’λᾷ
614 2038 694 2111 δι’
727 2051 934 2111 οἴκων
962 2039 1163 2111 τῶνδ’
1197 2040 1566 2121 ἐπισπάσας
1592 2039 1799 2130 κόμης
1818 2061 1834 2077 ·

461 2141 508 2232 ἢ
531 2144 802 2235 στερρὸς
838 2139 1010 2214 οὖσα
1044 2144 1290 2233 μόσχος
1325 2144 1450 2215 ούκ
1485 2143 1785 2228 ἀνέξεται

460 2253 805 2326 τίκτοντας
832 2241 1109 2334 ἄλλους,
1140 2242 1268 2315 οὐκ
1300 2241 1524 2334 ἔχουσ’
1558 2241 1729 2332 αὐτὴ
1763 2245 1981 2314 τέκνα.

462 2345 610 2417 ἀλλ’
646 2354 710 2417 εἰ
734 2346 810 2418 τὸ
839 2355 1066 2437 κείνης
1095 2354 1419 2437 δυστυχεῖ
1439 2353 1705 2418 παίδων
1731 2349 1906 2436 πέρι,

463 2447 747 2531 ἄπαιδας
775 2447 944 2539 ἡμᾶς
977 2456 1018 2519 δ
1023 2466 1088 2520 εἴ
1106 2457 1510 2538 καταστῆναι
1540 2454 1832 2534 τέκνων;

467 2560 846 2642 φθείρεσθε
875 2558 1112 2640 τῆσδε,
1142 2558 1393 2640 δμῶες,
1426 2549 1515 2632 ὥς
1543 2548 1629 2622 ἂν
1660 2552 1933 2642 ἐκμάθω

465 2664 533 2722 εἴ
551 2661 652 2735 τίς
677 2681 760 2742 με
789 2653 980 2724 λύειν
1007 2659 1207 2742 τῆσδε
1234 2654 1527 2724 κωλύσει
1555 2657 1772 2746 χέρας.

462 2762 694 2846 ἔπαιρε
721 2756 978 2845 σαυτήν
997 2778 1012 2792 ·
1045 2751 1134 2836 ὥς
1161 2754 1293 2845 ἐγω
1321 2764 1561 2847 καίπερ
1591 2760 1855 2848 τρέμων

463 2857 748 2940 πλεκτὰς
777 2859 1073 2946 ίμάντων
1101 2865 1469 2950 στροφίδας
1504 2860 1922 2948 έξανήσομαι.

469 2949 618 3048 οἷδ’,
647 2951 705 3030 ὦ
734 2961 1038 3049 κάκιστε,
1067 2959 1261 3051 τῆσδ’
1297 2963 1608 3052 ἐλυμήνω
1637 2965 1866 3052 χέρας;

463 3069 637 3150 βοῦν
663 3057 708 3151 ἦ
735 3060 951 3133 λέοντ’
981 3061 1246 3152 ἤλπιζες
1276 3067 1601 3135 ἐντείνειν
1628 3065 1933 3155 βρόχοις;

467 3158 512 3252 ἦ
537 3162 627 3254 μὴ
656 3167 848 3255 ξίφος
875 3164 1160 3254 λαβοῦσ’
1193 3164 1616 3254 ἄμυνάθοιτό
1642 3189 1717 3237 σε

465 3271 759 3354 ἔδεισας;
790 3273 951 3359 ἕρπε
979 3266 1170 3359 δεῦρ’
1207 3266 1327 3339 ὑπ’
1362 3268 1689 3359 ἀγκάλας,
1722 3273 1995 3360 βρέφος,

457 3369 702 3450 ξύλλυε
737 3374 946 3461 δεσμὰ
980 3375 1255 3462 μητρός·
1303 3375 1377 3443 ἐν
1404 3381 1592 3464 Φθίᾳ
1620 3371 1683 3442 σ’
1719 3370 1847 3462 ἐγω

459 3475 698 3562 θρέψω
723 3477 936 3564 μέγαν
962 3472 1174 3545 τοῖσδ’
1207 3477 1481 3567 ἐχθρόν.
1518 3484 1581 3546 εἰ
1606 3472 1669 3546 δ’
1704 3473 1885 3564 ἀπῆν
1911 3472 2109 3566 δορὸς

2153 130 2239 195 69

2136 522 2239 579 695

2140 1034 2243 1124 ⁷⁰9

2140 1546 2242 1603 705

2142 2056 2244 2113 710

2146 2567 2245 2622 715

2141 3079 2243 3136 720
