2492 3900
288 116 413 182 254
1089 115 1488 173 HAEKTPA

523 291 564 355 δ
570 281 855 374 εξοόμεθ’
890 293 1099 354 οἴκων
1124 283 1550 364 καταλύσεις·
1586 299 1832 373 χωρεῖν
1861 283 2099 373 χρεῶν,

521 393 776 476 δμῶες,
805 385 1034 474 δόμων
1060 381 1266 454 τῶνδ’
1299 385 1504 466 ἐντός.
1539 383 1630 466 ῶς
1657 387 1804 473 ἐμοὶ
1831 388 2036 474 πένης

524 500 626 578 εἴη
656 489 1011 579 πρόθυμος
1038 494 1373 557 πλουσίου
1399 494 1655 576 μᾶλλον
1685 489 1893 570 ξένος.
2197 505 2295 562 395

520 597 691 661 αἰνῶ
720 591 845 680 μὲν
872 579 1001 659 οὖν
1030 585 1222 658 τοῦδ’
1257 586 1508 678 ἀνδρὸς
1535 588 1841 676 εἰσδοχὰς
1873 587 2104 679 δόμων
2121 614 2137 629 ·

518 692 899 781 ἐβουλόμην
924 689 991 760 δ’
1028 689 1147 778 ἄν,
1179 697 1243 760 εἰ
1268 691 1667 780 κασίγνητός
1692 719 1778 780 με
1800 690 1920 772 σὸς

521 803 615 874 είς
642 790 1090 879 εὐτυχοῦντας
1116 784 1282 882 ἦγεν
1313 790 1617 882 εὐτυχῶν
1646 793 1917 881 δόμους.

516 907 675 978 ἴσως
703 891 770 964 δ’
803 890 888 964 ἂν
916 902 1107 964 ἔλθοι
1126 917 1141 932 ·
1168 894 1422 977 Λοξίου
1449 895 1578 985 γὰρ
1609 900 1886 984 ἔμπεδοι

517 1005 839 1089 χρησμοί,
868 1003 1135 1087 βροτῶν
1161 998 1237 1067 δὲ
1264 997 1596 1086 μαντικὴν
1621 1005 1881 1088 χαίρειν
1907 1001 2017 1067 ἐῶ.
2199 1016 2302 1068 400

293 1110 431 1172 ΧΟ.
512 1109 646 1172 νῦν
675 1097 719 1189 ἢ
744 1101 1078 1189 πάροιθεν
1104 1107 1393 1187 μᾶλλον,
1417 1097 1769 1188 Ἠλέκτρα,
1800 1109 1973 1192 χαρᾷ

520 1203 1075 1293 θερμαινόμεσθα
1102 1206 1395 1290 καρδίαν
1411 1225 1428 1239 ·
1451 1211 1626 1282 ’ἴσως
1652 1201 1782 1291 γὰρ
1814 1198 1899 1271 ἂν

520 1306 708 1393 μόλις
740 1299 1187 1396 προβαίνονσ’
1227 1300 1269 1390 ἡ
1299 1303 1465 1393 τύχη
1493 1311 1686 1392 σταίη
1714 1312 1952 1387 καλῶς.

292 1415 440 1478 ΗΛ.
523 1398 577 1475 ῶ
605 1414 888 1494 τλῆμον,
921 1404 1116 1487 είδῶς
1147 1406 1476 1494 δωμάτων
1505 1414 1738 1495 χρείαν
1766 1409 1972 1476 σέθεν

519 1517 590 1578 τί
618 1505 849 1578 τούσδ’
887 1510 1087 1590 ἐδέξω
1114 1515 1418 1596 μείζονας
1444 1515 1698 1578 σαυτοῦ
1724 1511 1994 1592 ξένουςς
2203 1528 2313 1580 405

291 1621 433 1682 AY.
516 1618 588 1680 τί
615 1607 724 1694 δ’;
758 1619 945 1701 εἴπερ
978 1611 1149 1678 εἰσὶν
1179 1606 1269 1690 ῶς
1297 1615 1620 1680 δοκοῦσιν
1649 1608 1968 1698 εὐγενεῖς,

522 1709 649 1783 οὐκ
678 1719 753 1781 ἔν
781 1739 853 1781 τε
878 1727 1140 1801 μικροῖς
1168 1718 1242 1780 ἔν
1269 1739 1340 1780 τε
1368 1711 1460 1801 μὴ
1489 1710 1838 1802 στέρξουσ’
1871 1709 2086 1801 ὁμῶς;

296 1825 439 1886 ΗΛ.
521 1820 671 1885 ἐπεί
697 1841 829 1884 νυν
854 1814 1211 1906 ἐξήμαρτες
1236 1817 1312 1883 ἐν
1341 1830 1722 1904 σμικροῖσιν
1749 1811 1866 1902 ῶν,

524 1914 675 1989 ἔλθ’
710 1914 799 2000 ῶς
830 1914 1119 1989 παλαιὸν
1143 1915 1401 2006 τροφὸν
1429 1920 1600 2005 ἐμοῦ
1622 1924 1826 2005 φίλον
1855 1917 2138 2006 πατρός·

523 2018 597 2102 ὃς
624 2019 799 2110 ἀμφὶ
826 2024 1125 2108 ποταμὸν
1159 2019 1423 2089 Τάναον
1443 2016 1744 2109 Ἀργείας
1771 2015 1974 2109 ὅρους
2211 2038 2319 2091 410

522 2126 847 2211 τέμνοντα
874 2128 1067 2210 γαίας
1096 2122 1587 2211 Σπαρτιάτιδός
1613 2150 1685 2191 τε
1713 2127 1833 2210 γῆς

524 2232 834 2311 ποίμναις
862 2222 1141 2311 ὁμαρτεῖ
1174 2225 1412 2304 πόλεος
1439 2227 1952 2313 ἐκβεβλημένος·
2001 2294 2009 2301 ,

525 2328 763 2394 κέλευε
790 2322 855 2394 δ’
895 2322 1107 2394 αὐτὸν
1134 2330 1228 2405 εἰς
1257 2326 1507 2412 δόμους
1535 2323 1909 2415 ἀφιγμένον

528 2432 760 2497 ἐλθεῖν
787 2428 998 2511 ξένων
1023 2424 1083 2496 τ’
1120 2434 1212 2509 εἰς
1241 2432 1435 2498 δαῖτα
1465 2434 1808 2517 πορσῦναί
1828 2453 1998 2497 τινα.

524 2527 901 2619 ἡσθήσεταί
928 2559 1031 2601 τοι
1058 2532 1173 2599 καὶ
1200 2529 1640 2620 προσεύξεται,
1659 2542 1867 2617 θεοῖς,
2213 2546 2321 2599 415

527 2631 719 2717 ζῶντ’
756 2633 1149 2713 εἰσακούσας
1176 2618 1484 2702 παῖδ”ὃν
1511 2631 1780 2716 ἐκσῶζει
1807 2632 1989 2699 ποτέ.

525 2732 608 2803 οὐ
638 2732 765 2825 γὰρ
796 2734 1124 2828 πατρῴων
1153 2738 1225 2804 ἐκ
1255 2733 1482 2822 δόμων
1508 2733 1756 2825 μητρὸς
1785 2733 1964 2822 πάρα

525 2835 845 2923 λάβοιμεν
871 2832 957 2904 ἄν
982 2858 1077 2905 τι·
1112 2834 1317 2927 πικρὰ
1347 2833 1411 2905 δ’
1453 2834 1884 2924 ἀγγείλαιμεν
1912 2830 2018 2920 ἄν,

530 2944 592 3005 εί
617 2933 809 3021 ζῶντ’
839 2934 1154 3027 Ὀρέστην
1180 2934 1223 3025 ἡ
1252 2936 1517 3008 τάλαιν’
1551 2934 1843 3008 αἴσθοιτ’
1879 2942 1995 3005 ἔτι.

307 3050 439 3110 ΑΥ.
524 3034 670 3108 ἀλλ’
707 3045 770 3108 εἰ
794 3045 985 3109 δοκεῖ
1006 3061 1147 3126 σοι,
1184 3038 1414 3109 τούσδ’
1449 3038 1804 3128 ἀπαγγελῶ
1832 3038 2077 3124 λόγους
2211 3055 2319 3109 420

524 3144 791 3231 γέροντι
810 3164 824 3180 ·
853 3140 1055 3232 χῶρει
1095 3140 1162 3211 δ’
1198 3149 1292 3224 εἰς
1322 3141 1567 3230 δόμους
1593 3139 1754 3212 ὅσον
1777 3139 1968 3226 τάχος

528 3246 641 3313 καὶ
669 3242 916 3314 τᾶνδον
953 3244 1246 3334 ἐξάρτυε.
1283 3244 1496 3312 πολλά
1523 3271 1624 3313 τοι
1653 3242 1828 3332 γυνὴ

526 3344 831 3434 χρῄζουσ’
867 3342 951 3415 ἂν
980 3342 1169 3434 εῦροι
1198 3347 1376 3414 δαιτὶ
1402 3346 1947 3436 προσφορήματα.

498 3458 502 3462 ’
533 3453 713 3516 ἔστιν
743 3449 818 3516 δὲ
846 3446 929 3534 δὴ
957 3446 1247 3515 τοσαῦτά
1274 3444 1340 3532 γ’
1375 3450 1446 3515 ἐν
1476 3446 1706 3534 δόμοις
1733 3454 1850 3530 ἔτι,
