2492 3900
260 132 382 201 124
1081 131 1405 189 ΒΑΚΧΑΙ

258 313 400 375 ΧΟ.
483 309 554 371 τί
582 298 646 370 δ’
683 307 898 383 ἒστιυ;
938 302 1011 367 ἐκ
1040 303 1323 384 Βακχῶν
1352 323 1415 364 τι
1448 295 1728 384 μηνύεις
1754 294 1955 381 νέους

261 412 454 476 ΑΓΓ.
483 400 803 482 Πενθεὺς
833 398 1083 487 ὄλωλε,
1114 414 1269 478 παῖς
1289 394 1582 485 Ἐχίονος
1612 398 1896 487 πατρός,
2140 418 2285 473 1030

261 516 402 577 XO.
489 497 666 587 ώναξ
692 504 945 594 Βρόμιε
964 525 979 539 ·
1017 500 1181 581 θεὸς
1210 506 1441 589 φαίνει
1470 502 1695 587 μέγας.

261 615 454 679 ΑΓΓ.
487 615 629 689 πῶς
656 607 822 695 φής;
861 598 1126 674 τί’τοῦτ’
1162 605 1421 686 ἔλεξας;
1450 598 1495 690 ἦ
1518 598 1619 671 ’πὶ
1648 618 1783 683 τοῖς
1814 606 1995 691 ἐμοῖς

491 717 744 799 χαίρεις
773 714 994 787 κακῶς
1020 704 1398 797 πράσσουσι
1428 704 1814 793 δεσπόταις,
1851 706 2092 793 γύναι;

262 823 403 883 ΧΟ.
489 809 699 895 ευάζω
737 814 894 893 ξένα
921 812 1146 898 μέλεσι
1174 808 1571 898 βαρβάροις·

492 912 719 983 οὐκέτι
743 911 872 1001 γὰρ
908 917 1177 999 δεσμῶν
1203 906 1340 979 υπὸ
1370 908 1564 1000 φόβω
1598 908 1887 995 πτήσσω.
2142 926 2281 981 1035

262 1025 455 1088 ΑΓΓ.
489 1016 717 1105 Θήβας
745 1012 810 1083 δ’
847 1010 1228 1103 ἀνάνδρους
1260 1003 1383 1080 ωδ’
1415 1008 1599 1097 άγεις
1628 1023 1657 1060 *
1692 1023 1723 1063 *
1754 1023 1783 1063 *
1816 1022 1887 1093 *;

265 1130 406 1189 ΧΟ.
489 1115 524 1188 ὁ
556 1118 895 1197 Διόνυσος
935 1113 970 1185 ὁ
999 1114 1376 1200 Διόνυσος,
1417 1109 1500 1183 οὗ
1530 1118 1747 1200 Θῆβαι

493 1219 732 1310 κράτος
759 1215 984 1306 ἔχουσ’
1021 1215 1203 1305 ἐμόν.

265 1331 462 1393 ΑΓΓ.
493 1318 896 1409 συγγνωστὰ
924 1322 1050 1408 μέν
1077 1341 1221 1405 σοι,
1252 1316 1429 1405 πλὴν
1457 1312 1552 1385 ἐπ’
1587 1318 2120 1405 ἐξειργασμένοις

494 1438 760 1492 κακοῖσι
786 1429 1083 1510 χαίρειν,
1117 1448 1170 1489 ω
1201 1434 1552 1508 γυναῖκες,
1586 1415 1669 1488 οὐ
1708 1417 1935 1487 καλόν.
2144 1433 2281 1489 1040

267 1537 408 1597 ΧΟ.
502 1525 744 1596 ἔννεπέ
769 1552 912 1612 μοι,
949 1526 1232 1611 φράσον,
1268 1532 1401 1592 τίνι
1434 1522 1619 1613 μόρῳ
1652 1521 1929 1608 θνήσκει

495 1623 730 1704 ἄδικος
758 1620 962 1693 ἄδικά
987 1619 1036 1692 τ’
1075 1626 1448 1711 ἐκπορίζων
1477 1620 1687 1711 άυήρ;

268 1737 458 1801 ΑΓΓ.
491 1730 638 1797 ἐπεὶ
663 1725 1010 1815 θεράπνας
1037 1730 1240 1813 τῆσδε
1271 1731 1568 1813 Θηβαίας
1596 1722 1845 1811 χθονὸς

499 1828 805 1909 λιπόντες
835 1830 1152 1917 ἐξέβημεν
1173 1824 1481 1896 Ἀσωποῦ
1512 1826 1689 1915 ῥοάς,

497 1934 700 2013 λέπας
727 1930 1230 2022 Κιθαιρώνειον
1261 1929 1730 2018 εἰσεβάλλομεν
2144 1942 2281 1998 1045

496 2035 812 2115 Πενθεύς
848 2061 920 2101 τε
948 2031 1134 2120 κάγώ
1151 2085 1170 2122 ,
1200 2032 1493 2122 δεσπότῃ
1522 2030 1651 2121 γὰρ
1689 2031 1992 2119 εἱπόμην,

499 2140 681 2218 ξένος
716 2132 780 2204 θ’
813 2131 888 2215 ὃς
915 2132 1078 2223 ἡμῖν
1107 2133 1371 2223 πομπὸς
1396 2126 1484 2221 ἦν
1511 2140 1827 2226 θεωρίας.

501 2244 770 2323 πρῶτον
798 2235 922 2323 μὲν
948 2229 1078 2305 οὖν
1107 2235 1393 2326 ποιηρὸν
1423 2241 1647 2324 ἵζομεν
1676 2236 1907 2322 νάπος,

497 2339 578 2406 τά
605 2335 653 2405 τ’
687 2342 759 2406 ἐκ
788 2342 1021 2406 ποδῶν
1049 2337 1290 2426 σιγηλὰ
1317 2341 1431 2406 καὶ
1458 2339 1759 2426 γλώσσης
1784 2335 1913 2406 ἄπο

503 2439 856 2528 σώζοντες,
892 2435 982 2520 ὥς
1009 2436 1277 2532 ὁρῷμεν
1305 2438 1429 2528 οὐχ
1458 2437 1807 2529 ὁρώμενοι.
2144 2455 2287 2508 1050

500 2533 587 2630 ἦν
616 2541 682 2612 δ’
717 2539 920 2630 ἄγκος
950 2539 1451 2633 ἀμφίκρημνον,
1480 2539 1686 2613 ὕδασι
1719 2541 2103 2632 διάβροχον,

503 2646 816 2716 πεύκαισι
845 2646 1237 2734 συσκιάζον,
1271 2653 1443 2714 ἔνθα
1471 2644 1826 2724 Μαινάδες

500 2743 779 2834 καθῆντ’
814 2753 1085 2833 ἔχουσαι
1112 2763 1337 2835 χεῖρας
1364 2749 1439 2816 ἐν
1464 2763 1775 2837 τερπνοῖς
1808 2747 2059 2826 πόνοις.

503 2877 573 2917 αι
602 2848 726 2935 μὲν
755 2847 882 2937 γὰρ
922 2844 1150 2920 αὐτων
1177 2849 1445 2938 θύρσου
1480 2849 1911 2918 ἐκλελοιπότα

499 2973 710 3018 κισσω
739 2949 1036 3038 κομήτην
1066 2941 1271 3032 αὖθις
1300 2954 1760 3040 ἐξανέστεφον,
2150 2965 2285 3018 1055

500 3081 569 3121 αι
603 3048 672 3120 δ’
707 3056 1098 3124 ἐκλιποῦσαι
1127 3051 1367 3123 ποικίλ’
1409 3083 1497 3134 ως
1526 3061 1737 3125 πωλοι
1763 3051 1929 3140 ζυγὰ

500 3161 815 3242 βακχεῖον
843 3151 1244 3239 ἀντέκλαζον
1274 3155 1591 3245 ἀλλήλαις
1626 3158 1843 3244 μέλος.

499 3256 818 3337 Πενθεὺς
853 3255 988 3326 δ’ὁ
1023 3258 1293 3346 τλήμων
1320 3265 1548 3346 θῆλυν
1580 3255 1705 3345 οὐχ
1734 3254 1915 3348 ὅρων
1944 3253 2145 3345 οχλον

476 3489 768 3554 χρηστοῖσι
802 3481 1030 3547 δούλοις
1069 3483 1335 3556 συμφορὰ
1363 3483 1435 3540 τὰ
1466 3487 1778 3543 δεσποτῶν.
2154 3489 2287 3542 1028
