2492 3900
181 631 340 692 XO.

189 936 334 998 ΟΡ.

939 148 1495 208 ΑΝΔΡΟΜΑΧΗ
2123 148 2193 215 ῚΊ

427 314 786 405 κλῄθροισι
820 318 929 382 καὶ
967 324 1264 403 μοχλοῖσι
1295 316 1619 403 δωμάτων
1648 317 1896 399 πύλας·

430 416 616 507 ὑγιὲς
642 416 770 506 γὰρ
800 414 1006 487 οὐδὲν
1031 423 1108 486 αί
1128 417 1448 507 θύραθεν
1478 424 1730 488 εἴσοδοι

426 518 702 609 [δρῶσιν
735 525 1100 607 γυναικῶν,
1121 515 1290 588 ἀλλὰ
1316 518 1529 590 πολλὰ
1556 521 1668 589 καὶ
1694 521 1921 615 nauci}

429 620 601 711 ἄγαν
631 622 884 709 ἐφῆκας
916 629 1224 709 γλῶσσαν
1255 628 1347 703 εἰς
1375 621 1449 692 τὸ
1478 622 1856 711 σύμφυτον.

428 720 822 812 συγγνωστὰ
850 724 974 808 μέν
997 748 1128 790 νυν
1153 726 1257 791 σοὶ
1280 720 1455 812 τάδ’,
1485 720 1621 793 ἀλλ’
1654 719 1831 812 ὅμως
1858 725 2075 815 χρεῶν
2100 740 2200 797 955

427 840 702 912 κοσμεῖν
729 838 1054 912 γυναῖκας
1077 823 1193 905 τὰς
1221 832 1608 914 γυναικείας
1634 826 1895 908 νόσους.

426 926 643 1015 σοφόν
670 954 732 995 τι
759 934 977 1017 χρῆμα
1007 932 1129 997 τοῦ
1163 927 1549 1008 διδάξαντος
1576 927 1861 1017 βροτοὺς

428 1029 667 1117 λόγους
695 1025 973 1098 ἀκούειν
999 1034 1134 1098 τῶν
1162 1031 1489 1098 ἐναντίων
1514 1028 1713 1119 πάρα.

430 1130 558 1220 ἐγῶ
589 1128 716 1219 γὰρ
748 1128 942 1211 εἶδε-ὸς
968 1135 1182 1200 τῶνδε
1210 1128 1537 1219 σύγχυσιν
1566 1130 1795 1218 δόμων

431 1240 577 1322 ἔριν
600 1260 672 1301 τε
702 1231 826 1320 τὴν
852 1231 980 1320 σὴν
1008 1234 1120 1302 καὶ
1148 1229 1813 1323 γυναικὸςἝκτορος,
2099 1248 2203 1304 960

430 1332 734 1423 φυλακὰς
762 1341 932 1422 ἔχων
960 1340 1271 1422 ἔμιμνον,
1305 1332 1423 1403 εἶτ’
1459 1331 1671 1405 αὐτοῦ
1698 1348 1919 1422 μενεῖς

431 1433 551 1505 εἴτ’
591 1433 1027 1524 ἑκφοβηθετσ’
1065 1438 1540 1523 αἰχμαλωτίδος
1568 1437 1763 1529 φόβῳ

425 1536 747 1626 γυναικὸς
778 1548 986 1607 οἴκων
1014 1535 1218 1608 τῶνδ’
1252 1535 1674 1627 ἀπηλλάχθαι
1712 1540 1958 1617 θέλεις.

431 1632 650 1727 ἦλθον
678 1640 752 1709 δὲ
778 1638 898 1722 σὰς
923 1640 1048 1729 μὲν
1075 1637 1157 1709 οὗ
1187 1643 1409 1729 σέβων
1434 1639 1800 1726 ἐπιστολάς,

429 1749 492 1811 εἰ
515 1738 580 1810 δ’
621 1745 988 1829 ἐνδιδοίης,
1019 1739 1243 1831 ῶσπερ
1273 1746 1599 1831 ἐνδίδως,
1616 1741 1841 1830 λόγον,
2099 1757 2200 1812 965

430 1846 711 1931 πέμψων
740 1841 806 1911 σ’
839 1839 954 1911 ἀπ’
989 1852 1196 1912 οἴκων
1223 1840 1453 1912 τῶνδ’.
1484 1846 1605 1931 ἐμὴ
1635 1842 1764 1931 γὰρ
1794 1832 1965 1911 οὖσα
2006 1844 2168 1932 πρὶν

425 1942 558 2018 σὺν
587 1947 758 2034 τῶδε
785 1949 995 2023 ναίεις
1023 1940 1220 2033 ἀνδρὶ
1252 1951 1377 2012 σοῦ
1405 1941 1651 2033 πατρὸς
1680 1942 1875 2032 κάκῃ,

432 2041 505 2126 ὃς
535 2046 698 2134 πρὶν
725 2042 806 2113 τὰ
841 2049 1080 2135 Τροίας
1109 2051 1445 2134 εἰσβαλεῖν
1471 2041 1795 2135 ὁρίσματα

413 2143 698 2236 ἱγυναῖκ’
730 2150 885 2234 ἐμοί
904 2168 978 2216 σε
1011 2145 1174 2227 δοὺς
1200 2143 1523 2234 ὑπέσχεθ’
1560 2143 1843 2236 ὕστερον

427 2257 519 2341 τῷ
552 2255 686 2319 νῦν
712 2245 781 2318 σ’
817 2256 1066 2337 ἔχοντι,
1104 2247 1368 2342 Τρῳάδ’
1402 2256 1465 2319 εἰ
1488 2250 1718 2338 πέρσει
1746 2248 1964 2320 πόλιν.
2098 2265 2202 2320 970

426 2352 569 2420 ἐπεὶ
597 2347 662 2420 δ’
687 2348 1034 2439 Ἀχιλλέως
1065 2348 1258 2441 δεῦρ’
1292 2351 1648 2438 ἐνόστησεν
1676 2350 1895 2438 γόνος,

426 2459 523 2544 σῷ
550 2452 674 2541 μὲν
704 2455 1055 2542 συνέγνων
1083 2459 1322 2542 πατρί,
1351 2452 1469 2522 τὸν
1496 2450 1562 2521 δ’
1598 2452 1954 2539 ἐλισσόμην

425 2555 678 2642 γάμους
711 2550 984 2643 ἀφεῖναι
1013 2553 1203 2640 σούς,
1235 2551 1392 2640 ἐμὰς
1419 2555 1636 2640 λέγων
1663 2553 1864 2639 τύχας

427 2657 538 2724 καὶ
568 2654 687 2726 τὸν
719 2655 1018 2746 παρόντα
1045 2651 1338 2743 δαίμον’,
1374 2651 1463 2735 ῶς
1488 2661 1713 2743 φίλων
1738 2654 1863 2742 μὲν
1891 2647 1975 2720 ἂν

427 2754 699 2846 γήμαιμ’
735 2754 850 2826 ἀπ’
883 2754 1190 2847 ἀνδρῶν,
1224 2763 1506 2826 ἔκτοθεν
1535 2753 1601 2825 δ’
1636 2753 1719 2825 οὐ
1749 2759 2019 2846 ῥᾳδίως,
2100 2770 2201 2825 975

429 2859 706 2946 φεύγων
735 2855 852 2927 ἀπ’
885 2869 1091 2928 οἴκων
1120 2855 1198 2940 ἃς
1223 2857 1355 2948 ἑγῶ
1390 2858 1622 2948 φεύγω
1653 2857 1897 2948 φυγάς.

425 2954 461 3029 3
493 2957 564 3029 δ’
597 2951 684 3048 ἦν
714 2957 1034 3052 ὑβριστὴς
1062 2970 1156 3042 εἴς
1183 2958 1243 3030 τ’
1279 2965 1437 3050 ἐμῆς
1464 2958 1713 3051 μητρὸς
1739 2959 1958 3049 φόνον

430 3061 544 3143 τάς
571 3059 648 3131 θ’
681 3061 1106 3150 αίματωπούς
1131 3061 1297 3144 θεὰς
1326 3061 1673 3147 ὀνειδίζων
1699 3067 1865 3150 ἐμοί.

425 3161 609 3251 κᾶγῶ
637 3164 945 3246 ταπεινὸς
973 3161 1070 3234 ῶν
1095 3164 1325 3252 τύχαις
1352 3179 1493 3246 ταῖς
1518 3175 1795 3236 οἴκοθεν

425 3263 683 3354 ἤλγουν
712 3266 837 3353 μὲν
867 3263 1157 3354 ἤλγουν,
1189 3264 1543 3356 συμφορὰς
1570 3262 1638 3336 δ’
1672 3263 2053 3354 ἠνειχόμην,
2100 3279 2203 3334 980

425 3374 565 3436 σῶν
595 3367 670 3436 δὲ
697 3369 1048 3458 στερηθεὶς
1079 3365 1346 3461 ᾠχόμην
1373 3367 1558 3439 ἄκων
1585 3368 1840 3456 γάμων.

425 3475 556 3538 νῦν
584 3459 714 3538 οὖν
741 3469 970 3558 ἐπειδὴ
998 3485 1374 3561 περιπετεῖς
1402 3479 1568 3560 ἔχεις
1598 3470 1797 3557 τύχας
