2492 3900
1053 132 1449 190 ΗΛΕΚΤΡΑ
2114 127 2238 192 275

455 304 786 390 μέμνησο,
819 307 1060 387 μῆτερ,
1093 295 1214 379 οὓς
1243 302 1467 382 ἔλεξας
1494 296 1821 382 ὑστάτους
2105 317 2239 371 1055

456 403 730 491 λόγους,
759 407 1046 470 διδοῦσα
1075 399 1243 491 πρὸς
1272 404 1350 470 σέ
1374 427 1487 489 μοι
1516 406 1915 491 παρρησίαν.

230 515 367 578 ΚΛ.
452 508 566 574 καὶ
592 510 726 572 νῦν
754 505 834 574 δέ
857 529 1030 591 φημι
1057 499 1685 598 κοῦκῠᾶπαρνοῦμαι
1724 504 1798 573 τὸ
1834 503 1946 592 μή.

224 617 374 680 ΗΛ.
459 599 588 696 ἆρα
616 605 950 692 κλύουσα,
979 611 1184 693 μῆτερ
1202 657 1221 691 ,
1254 603 1375 674 εἶτ’
1406 607 1617 692 ἔρξεις
1645 613 1901 688 κακῶς-ς

221 719 370 780 ΚΛ.
453 704 580 779 οὐκ
610 713 780 793 ἔστι,
812 714 894 796 τῇ
920 714 1006 797 σῇ
1035 704 1103 775 δ’
1132 703 1267 794 η’δύ
1298 707 1667 795 προσθήσω
1696 715 1919 796 φρενί.

225 820 374 882 ΗΛ.
457 807 712 898 λέγοιμ’
748 807 864 882 ἄν·
901 805 1070 898 ἀρχὴ
1105 805 1170 877 δ’
1209 805 1334 896 ἥδε
1363 836 1478 896 μοι
1510 816 1890 899 προοιμίου.
2106 827 2239 882 1060

463 907 599 982 εἴθ’
642 910 840 999 εἶχες,
873 939 925 980 ω
956 918 1275 998 τεκοῦσα,
1308 919 1614 999 βελτίους
1644 915 1917 1001 φρένας.

456 1013 529 1082 τὸ
559 1041 684 1100 μεν
709 1010 838 1101 γὰρ
871 1012 1046 1093 εἶδος
1074 1012 1267 1082 αἶνον
1296 1009 1484 1096 αξιον
1511 1014 1747 1103 φέρειν

449 1112 712 1205 Ἑλένης
741 1141 812 1184 τε
839 1115 952 1182 καὶ
978 1121 1140 1200 σοῦ,
1171 1113 1297 1183 δύο
1330 1113 1395 1183 δ’
1434 1122 1641 1203 ἔφυτε
1668 1113 1981 1202 συγγόνω

459 1244 658 1305 αμφω
669 1223 944 1304 ,ματαίω
971 1216 1314 1304 Κάστορός
1342 1215 1404 1285 τ’
1436 1245 1563 1286 ουκ
1594 1212 1775 1298 αξίω.

453 1315 500 1406 ἢ
531 1318 655 1406 μὲν
679 1317 810 1408 γὰρ
845 1315 1248 1407 ἆρπασθεῖσ’
1283 1316 1509 1388 ἑκοῦσ’
1546 1316 1867 1409 (ἐπῴχετο,
2106 1335 2239 1390 1065

457 1419 543 1490 σὺ
571 1416 639 1488 δ’
671 1416 868 1508 ἄνδρ’
901 1415 1176 1509 ἄριστον
1205 1416 1517 1499 Ἑλλάδος
1545 1421 1888 1507 διώλεσας,

457 1529 706 1609 σκῆψιν
731 1520 1186 1612 προτείνουσ’,
1221 1517 1310 1601 ὥς
1340 1517 1513 1611 ὑπὲρ
1540 1524 1781 1591 τέκνου
1811 1521 2012 1593 πόσιν

461 1632 791 1704 ἔκτεινας·
823 1621 909 1692 οὐ
936 1619 1221 1710 γάρ,·ὠς
1254 1620 1479 1711 ἔγωγ’,
1510 1632 1700 1693 ἴσασί
1722 1621 1785 1692 σ’
1820 1615 1901 1692 εὖ
1918 1646 1931 1660 ·

458 1723 600 1813 ἥτις
624 1723 969 1814 θυγατρὸς
995 1727 1157 1812 πρὶν
1183 1733 1616 1815 κεκυρῶσθαι
1642 1725 1909 1814 σφαγὰς

457 1830 613 1896 νέον
643 1824 705 1896 τ’
740 1823 857 1897 ἄπ’
890 1835 1098 1896 οἴκων
1127 1823 1375 1918 ἀνδρὸς
1401 1829 1871 1916 ἐξωρμημένου
2104 1841 2241 1898 1070

461 1927 717 2011 ξανθὸν
745 1928 1094 2021 κατόπτρῳ
1123 1928 1467 2017 πλόκαμον
1493 1929 1783 2017 ἐξήσκεις
1810 1927 2035 2016 κόμης.

458 2030 630 2120 γυνὴ
661 2028 728 2100 δ’
759 2028 1046 2111 ἀπόντος
1074 2028 1321 2120 ἀνδρὸς
1346 2028 1489 2119 ἥτις
1517 2034 1589 2100 ἐκ
1620 2030 1848 2117 δόμων

463 2140 554 2213 εἰς
581 2133 821 2214 κάλλος
849 2131 1074 2220 ἆσκεῖ,
1104 2129 1425 2223 διάγραφ’
1459 2129 1548 2213 ὦς
1574 2122 1786 2203 οὖσαν
1812 2131 2046 2219 κακήν.

468 2234 672 2304 οὐδὲν
699 2235 826 2323 γὰρ
856 2232 1074 2322 αὐτὴν
1103 2240 1214 2305 δεῖ
1233 2234 1533 2325 θύρασιν
1562 2231 1888 2325 εὐπρεπὲς

463 2345 736 2423 φαίνειν
765 2336 1157 2426 πρόσωπον,
1189 2334 1277 2424 ῆν
1303 2363 1367 2407 τι
1396 2334 1488 2425 μὴ
1516 2342 1672 2425 ζητῇ
1700 2334 1930 2407 κακόν.
2027 2342 2032 2351 ’
2110 2348 2242 2405 1075

465 2439 681 2527 μόνην
709 2439 786 2507 δὲ
811 2444 1046 2507 πασῶν
1073 2436 1206 2507 οἶδ’
1241 2436 1371 2526 ἐγώ
1400 2434 1465 2507 σ’
1492 2435 1923 2525 Ἑλληνίδων,

467 2547 530 2610 εἰ
553 2540 678 2628 μὲν
705 2537 786 2608 τὰ
823 2539 1076 2628 Τρώων
1110 2536 1416 2626 εὐτυχοῖ,
1450 2541 1887 2627 κεχαρμένην,

467 2649 530 2711 εἰ
553 2638 618 2711 δ’
654 2637 888 2728 ἥσσον’
923 2650 1059 2729 εἴη,
1089 2644 1566 2731 συννέφουσαν
1591 2636 1851 2727 ὄμματα

463 2742 911 2833 [Ἀγαμέμνον’
931 2739 1014 2811 οὗ
1039 2742 1416 2832 χρῄζουσαν
1446 2746 1517 2811 ἐκ
1554 2749 1796 2830 Τροίας
1820 2740 2103 2830 μολεῖν]
2238 2814 2243 2823 ‚

465 2851 684 2914 καίτοι
712 2850 932 2925 καλῶς
948 2870 1027 2932 γε
1045 2860 1429 2936 σωφρονεῖν
1456 2845 1734 2935 παρεῖχέ
1758 2863 1866 2913 σοι
1882 2865 1897 2880 “
2114 2857 2244 2912 1080

468 2942 664 3034 ἄνδρ’
701 2946 870 3033 εἶχες
896 2943 994 3015 οὐ·
1009 2944 1273 3017 κακίον’
1304 2953 1648 3034 Αἰγίσθου
1673 2946 1895 3033 πόσιν,

467 3044 548 3116 ὃν
575 3044 803 3128 Ἑλλὰς
829 3042 1036 3135 αὐτῆς
1066 3052 1275 3117 εἵλετο
1306 3048 1779 3136 στρατηλάτην.

458 3146 722 3237 Ἑλένης
751 3144 818 3217 δ’
861 3146 1158 3239 ἀδελφῆς
1183 3146 1398 3219 τοιάδ’
1433 3151 1937 3239 ἐξειργασμένης

470 3254 625 3340 ἐξῆν
651 3252 846 3331 κλέος
872 3271 981 3319 σοι
1007 3253 1174 3339 μέγα
1203 3258 1437 3338 λαβεῖν
1455 3273 1469 3287 ·
1507 3249 1589 3320 τὰ
1615 3250 1743 3340 γὰρ
1771 3250 1944 3321 κακὰ

467 3353 890 3443 παράδειγμα
917 3367 1054 3433 τοῖς
1082 3356 1428 3423 ἐσθλοῖσιν
1456 3359 1719 3435 εἴσοψίν
1744 3350 1807 3421 τ’
1840 3359 1993 3440 ἔχει.
2113 3368 2245 3423 1085

467 3460 534 3525 εἰ
561 3452 626 3524 δ’
662 3451 750 3535 ὥς
780 3458 996 3543 λέγεις
1021 3454 1150 3544 σὴν
1175 3450 1503 3545 θυγατέρ’
1536 3453 2100 3615 ἔκτεινενΙαΒτξτήρ,
