2492 3900
261 137 390 202 346
763 137 1172 195 ,ΗΡΑΚΑΗΣ
1203 138 1383 195 MAI
1390 137 1823 196 ΝΟΜΕΝΟΣ

495 316 780 387 παιᾶνας
810 303 874 376 δ’
913 307 1020 376 ἐπὶ
1047 321 1187 385 σοῖς
1214 304 1576 394 μελάθροις

495 410 744 490 κύκνος
773 405 864 488 ὥς
889 409 1108 496 γέρων
1135 404 1365 487 ἀοιδὸς

497 518 744 585 πολιᾶν
771 513 842 579 ἐκ
872 509 1138 598 γενύων

492 613 841 700 κελαδήσω
859 635 874 649 ·
903 611 978 681 τὸ
1007 611 1134 700 γὰρ
1165 602 1244 680 εὖ

495 733 632 799 τοῖς
657 713 973 803 ὕμνοισιν
1001 711 1307 803 ὑπάρχει,
1944 745 1949 750 ·
2174 731 2265 790 695

493 820 660 900 Διὸς
688 815 724 888 ὃ
753 832 936 897 παῖς·
967 815 1041 885 τὸ
1073 813 1140 884 δ’
1175 814 1483 904 εὐγενίας

495 925 684 1002 κλέος
709 916 1155 1008 ὑπερβάλλων
1183 915 1431 1010 [ἀρετᾷ]

495 1023 836 1112 μοχθήσας
865 1021 984 1091 τὸν
1013 1018 1274 1109 ἄκυμον

495 1133 712 1215 θῆκεν
740 1131 972 1213 βίοτον
997 1131 1262 1213 βροτοῖς

495 1231 741 1319 πέρσας
769 1233 1046 1314 δείματα
1071 1231 1331 1316 θηρῶν.
2182 1242 2273 1298 700

267 1338 469 1401 AYK.
503 1336 596 1411 εἰς
623 1328 864 1421 καιρὸν
891 1339 1118 1414 οἴκων,
1144 1325 1608 1416 Ἀμφιτρύων,
1644 1330 1767 1409 ἔξω
1796 1334 2008 1419 περᾷς
2025 1351 2040 1365 ·

495 1432 734 1521 χρόνος
763 1430 890 1520 γὰρ
919 1428 1050 1518 ἤδη
1079 1428 1282 1521 δαρὸς
1308 1433 1373 1512 ἐξ
1403 1425 1564 1498 ὅτου
1597 1429 1872 1511 πέπλοις

496 1542 861 1620 κοσμεῖσθε
888 1539 1079 1619 σῶμα
1106 1534 1219 1601 καὶ
1248 1537 1513 1622 νεκρῶν
1542 1527 1935 1620 ἀγάλμασιν.

497 1632 645 1704 ἀλλ’
681 1633 817 1722 εἷα,
848 1639 1089 1716 παῖδας
1114 1637 1226 1703 καὶ
1258 1630 1552 1722 δάμαρθ’
1576 1629 1979 1723 Ἡρακλέους

503 1741 625 1820 ἔξω
657 1739 890 1806 κέλευε
920 1742 1135 1806 τῶνδε
1163 1744 1534 1824 φαίνεσθαι
1563 1735 1812 1824 δόμων,
2180 1754 2275 1810 705

498 1837 596 1928 ἐφ’
631 1834 730 1921 οἷς
758 1836 1060 1927 ὑπέστητ’
1097 1835 1619 1927 αὐτεπάγγελτοι
1647 1848 1910 1907 θανεῖν.

266 1952 431 2012 ΑΜ.
497 1941 660 2025 αναξ
679 1996 698 2031 ,
730 1941 996 2023 διώκεις
1026 1940 1084 2030 μ’
1117 1938 1372 2022 ἀθλίως
1400 1941 1785 2030 πεπραγότα

498 2043 703 2135 ὕβριν
729 2043 805 2114 θ’
840 2043 1131 2135 ὑβρίζεις
1158 2046 1268 2113 ἐπὶ
1292 2049 1586 2113 θανοῦσι
1614 2057 1753 2124 τοῖς
1780 2048 1993 2131 ἐμοῖς·

498 2144 542 2215 ὁὶ
567 2154 736 2237 χρῆν
765 2169 841 2217 σε
867 2155 1184 2236 μετρίως,
1211 2152 1323 2215 κεί
1343 2158 1641 2235 κρατεῖς,
1669 2143 1979 2234 σπουδὴν
2010 2152 2209 2235 ἔχειν.

502 2252 646 2317 ἐπεὶ
674 2246 738 2316 δ’
775 2246 1078 2335 ἀνάγκην
1113 2256 1485 2337 προστίθης
1512 2244 1674 2335 ἡμῖν
1701 2259 1968 2336 θανεῖν,
2180 2266 2283 2321 710

498 2352 804 2439 στέργειν
839 2348 1122 2438 ἀνάγκη,
1162 2352 1491 2438 δραστέον
1514 2346 1589 2416 θ’
1619 2347 1661 2419 ἃ
1694 2354 1802 2421 σοὶ
1832 2357 2037 2423 δοκεῖ.

267 2457 471 2521 AYK.
503 2460 636 2521 ποῦ
665 2458 831 2540 δῆτα
852 2452 1174 2542 Μεγάρας
1205 2460 1342 2521 ποῦ
1368 2447 1536 2521 τέκν’
1563 2448 1935 2542 Ἀλκμήνης
1962 2455 2213 2544 γόνους

265 2560 428 2623 AM.
493 2560 671 2626 δοκῶ
697 2556 822 2644 μὲν
848 2552 1093 2643 αὐτήν,
1119 2551 1214 2635 ’ὥς
1239 2554 1558 2645 θύραθεν
1580 2556 1865 2645 εἰκάσαι,

267 2663 471 2725 AYK.
503 2666 575 2727 τί
592 2666 842 2748 χρῆμα;
876 2658 1070 2746 δόξης
1097 2654 1287 2746 τῆσδ’
1320 2662 1487 2743 ἔχεις
1513 2658 1905 2749 τεκμήριον;

265 2767 429 2826 ΑΜ.
497 2763 706 2829 ἱκέτιν
733 2758 900 2844 πρὸς
928 2757 1158 2847 ἁγνοῖς
1187 2762 1405 2839 ἑστίας
1433 2760 1719 2831 θάσσειν
1745 2761 2033 2851 βάθροις
2175 2775 2282 2831 715

264 2866 468 2927 AYK.
499 2858 794 2948 ἀνόνητά
825 2858 878 2950 γ’
913 2862 1350 2932 ἱκετεύουσαν
1378 2864 1662 2933 ἐκσῶσαι
1691 2871 1865 2952 βίον.

264 2969 428 3028 ΑΜ.
492 2964 606 3031 καὶ
631 2961 752 3032 τὸν
777 2963 1078 3033 θανόντα
1105 2962 1160 3053 γ’
1193 2962 1556 3036 ἀνακαλεῖν
1581 2967 1798 3055 μάτην
1824 2964 2045 3035 πόσιν.

139 3076 142 3079 ’
263 3068 466 3132 AYK.
493 3060 533 3130 ὃ
567 3062 628 3133 δ’
665 3062 747 3135 οὐ
779 3066 1102 3157 πάρεστιν
1130 3064 1293 3138 οὐδὲ
1320 3066 1410 3155 μὴ
1440 3068 1611 3159 μόλῃ
1639 3070 1819 3139 ποτέ.

265 3172 427 3233 ΑΜ.
495 3162 654 3254 οὔκ,
687 3178 755 3238 εἴ
784 3200 861 3257 γε
893 3171 986 3260 μή
1020 3199 1115 3252 τις
1149 3177 1335 3241 θεῶν
1371 3170 1763 3258 ἀναστήσειέ
1792 3200 1917 3242 νιν.

264 3274 468 3336 AYK.
495 3270 700 3360 χώρει
727 3270 896 3361 πρὸς
920 3268 1135 3360 αὐτὴν
1163 3273 1275 3339 καὶ
1304 3270 1515 3359 κόμιζ’
1552 3276 1625 3342 ἐκ
1653 3272 2000 3360 δωμάτων.
2178 3286 2280 3343 720

266 3377 429 3436 AM.
492 3374 762 3459 μέτοχος
795 3368 881 3440 ἂν
909 3382 1056 3459 εἴην
1083 3379 1206 3440 τοῦ
1238 3371 1460 3461 φόνου
1488 3376 1739 3466 δράσας
1766 3374 1940 3445 τόδε.

267 3474 468 3535 AYK.
500 3468 719 3560 ἡμεῖς,
751 3470 983 3559 ἐπειδὴ
1013 3473 1118 3540 σοὶ
1144 3469 1286 3541 τόδ’
1319 3471 1441 3541 ἔστ’
1474 3476 1829 3563 ἐνθύμιον,
