2492 3900
749 131 1164 188 ΗΡΑΚΛΗΣ
1203 131 1823 189 ΜΑΙΝΟΜΕΝΟΣ

516 294 555 384 ἡ
581 304 703 366 τοῦ
732 295 900 377 Διὸς
927 297 1363 385 σύλλεκτρος,
1396 293 1485 376 ῶς
1512 293 1857 384 ὀλοίμεθα.

515 400 659 467 ἐπεὶ
688 398 765 467 δὲ
792 396 1040 488 σαρκὸς
1067 395 1445 488 περιβόλαι’
1479 399 1858 486 ἐκτησάμην

519 496 824 588 ἡβῶντα,
851 500 1151 587 μόχθους
1177 496 1299 580 οὓς
1328 507 1527 586 ἔτλην
1552 507 1625 568 τί
1647 506 1757 568 δεῖ
1779 502 2040 588 λέγεινς
2166 521 2313 576 1270

514 608 750 682 ποίους
775 599 924 672 ποτ’
958 597 1004 688 ἦ
1033 604 1306 682 λέοντας
1330 597 1374 689 ἢ
1400 601 1859 691 τρισωμάτους

513 704 864 794 Γηρυόνας
889 698 934 790 ῆ
959 710 1291 791 Γίγαντας
1319 699 1363 791 ἢ
1387 712 1791 792 τετρασκελῆ

514 811 1075 893 κενταυροπληθῆ
1104 802 1400 893 πόλεμον
1428 801 1556 874 οὐκ
1589 804 1876 893 ἐξήνυσα
1893 836 1911 888 3

518 906 641 994 τήν
673 903 732 974 τ’
768 903 1200 996 ἀμφίκρανον
1227 909 1339 976 καὶ
1366 913 1830 994 παλιμβλαστῆ
1859 904 2035 975 κύνα

518 1005 738 1098 ὕδραν
766 1007 1135 1096 φονεύσας,
1163 1014 1431 1099 μυρίων
1458 1005 1519 1075 τ’
1556 1005 1781 1077 ἄλλων
1808 1008 2041 1076 πόνων
2168 1027 2313 1082 1275

517 1115 807 1200 διῆλθον
833 1107 1074 1198 ἀγέλας
1104 1118 1243 1192 κείς
1269 1107 1554 1200 νεκροὺς
1583 1107 1943 1199 ἀφικόμην,

498 1208 734 1282 Ἅιδου
761 1211 1082 1302 πυλωρὸν
1115 1212 1290 1282 κύνα
1318 1219 1682 1301 τρίκρανον
1712 1218 1806 1292 είς
1833 1207 2004 1297 φάος

516 1310 698 1394 ὅπως
723 1312 1121 1403 πορεύσαιμ’
1155 1317 1450 1394 ἐντολαῖς
1477 1310 1915 1402 Εὐρυσθέως.

519 1414 590 1482 τὸ
625 1423 938 1484 λοίσθιον
965 1416 1040 1485 δὲ
1067 1414 1254 1486 τόνδ’
1289 1423 1485 1503 ἔτλην
1513 1413 1714 1495 τάλας
1742 1413 1981 1502 φόνον,

515 1516 1048 1604 παιδοκτονήσας
1085 1523 1277 1605 δῶμα
1309 1523 1689 1608 θριγκῶσαι
1723 1531 1970 1596 κακοῖς.
2171 1534 2314 1590 1280

516 1614 658 1706 ἥκω
690 1614 757 1686 δ’
791 1615 1087 1707 ἄναγκης
1115 1625 1210 1698 εἰς
1236 1615 1406 1688 τόδ’·
1456 1615 1605 1688 οὔτ’
1639 1620 1825 1706 ἐμαῖς
1853 1623 2084 1705 φίλαις

518 1720 772 1808 Θήβαις
798 1722 1086 1790 ἐνοικεῖν
1111 1717 1303 1790 ὅσιον
1322 1744 1338 1759 ·
1376 1716 1464 1809 ἦν
1490 1719 1566 1790 δὲ
1594 1721 1708 1788 καὶ
1732 1722 1934 1808 μένω,

519 1828 610 1902 εἰς
639 1838 833 1892 ποῖον
864 1821 1051 1911 ἱερὸν
1077 1818 1122 1910 ἢ
1151 1824 1537 1911 πανήγυριν
1567 1829 1791 1909 φίλων

519 1921 678 2013 εἶμ’;
712 1921 797 1995 ού
827 1921 957 2015 γὰρ
986 1921 1145 2006 ἄτας
1174 1921 1723 2015 εὐπροσηγόρους
1751 1930 1897 2011 ἔχω.

515 2023 666 2095 ἀλλ’
691 2024 936 2117 ’Ἄργος
965 2034 1182 2110 ἔλθω;
1212 2034 1373 2115 πῶς,
1402 2026 1547 2096 ἐπεὶ
1574 2025 1810 2114 φεύγω
1837 2024 2133 2117 πάτραν;
2175 2044 2314 2099 1285

337 2114 345 2119 ’
418 2164 424 2167 ·
517 2124 673 2217 φέρ’
705 2125 858 2198 ἀλλ’
897 2132 964 2209 ἐς
991 2126 1203 2217 ἄλλην
1231 2128 1317 2217 δή
1348 2125 1481 2199 τιν’
1514 2123 1785 2217 ὁρμήσω
1812 2126 2042 2197 πόλιν

515 2226 794 2297 κᾶπειθ’
825 2226 1351 2318 ὑποβλεπώμεθ’
1386 2226 1476 2311 ῶς
1504 2232 1945 2320 ἐγνωσμένοι,

513 2328 817 2419 γλώσσης
843 2345 1106 2420 πικροῖς
1125 2333 1468 2421 ’κέντροισι
1496 2327 2068 2421 κλῃδουχούμενοι
2086 2353 2105 2370 ·

515 2428 641 2519 οὐχ
668 2422 864 2514 οὗτος
889 2428 926 2503 ὅ
954 2432 1158 2521 Διός,
1196 2429 1272 2514 ὃς
1298 2430 1483 2503 τέκν’
1521 2436 1819 2503 ἔκτεινέν
1848 2459 2015 2504 ποτε

515 2534 816 2622 δάμαρτά
844 2532 926 2618 τ’;
956 2531 1039 2605 οὐ
1068 2542 1189 2624 γῆς
1217 2532 1406 2623 τῆσδ’
1442 2531 2029 2627 ἄποφθαρήσεται;
2172 2554 2313 2608 1290

515 2640 899 2730 κεκλημένῳ
929 2638 1006 2707 δὲ
1034 2640 1207 2725 φωτὶ
1237 2644 1544 2729 μακαρίῳ
1572 2638 1733 2706 ποτε

517 2744 594 2806 αἰ
611 2741 972 2825 μεταβολαὶ
999 2738 1339 2830 λυπηρόν·
1384 2732 1440 2831 ᾧ
1470 2736 1535 2808 δ’
1571 2736 1678 2807 ἀεὶ
1704 2745 1926 2818 κακῶς

516 2836 681 2925 ἔστ’,
711 2836 918 2907 οὐδὲν
946 2836 1142 2927 ἀλγεῖ
1164 2848 1511 2929 συγγενῶς
1540 2840 1875 2929 δύστηνοςι
1896 2836 2011 2909 ὤν.

516 2944 609 3020 εἰς
638 2946 835 3009 τοῦτο
866 2937 927 3008 δ’
960 2938 1147 3029 ἥξειν
1173 2949 1528 3032 συμφορᾶς
1554 2942 1744 3029 οἶμαί
1766 2968 1926 3011 ποτε
1945 2964 1959 2978 ·

514 3040 754 3130 φωνὴν
781 3041 910 3132 γὰρ
939 3039 1086 3130 ἥσει
1115 3042 1311 3131 χθῶν
1340 3042 1814 3113 ἀπεννέπουσά
1840 3071 1923 3132 με
2172 3061 2303 3117 1295

516 3142 606 3233 μὴ
634 3144 995 3233 θιγγάνειν
1021 3153 1143 3234 γῆς
1169 3147 1285 3215 καὶ
1313 3146 1622 3216 θάλασσα
1648 3145 1737 3234 μὴ
1768 3152 1983 3236 περᾶν

516 3254 731 3334 πηγαί
755 3274 828 3316 τε
856 3254 1203 3335 ποταμῶν,
1233 3250 1348 3317 καὶ
1376 3245 1497 3317 τὸν
1526 3245 1987 3339 ἁρματήλατον

507 3344 710 3430 Ἰξίον’
743 3352 817 3419 ἐν
844 3356 1190 3437 δεσμοῖσιν
1222 3347 1682 3440 ἐκμιμήσομαι.
1737 3394 1741 3397 -

511 3448 676 3532 πρὸς
709 3447 894 3515 ταῦτ’
939 3448 1169 3535 ἄριστα
1203 3453 1413 3533 μηδέν
1443 3448 1772 3533 Ἑλλήνων
1804 3444 1882 3533 μ’
1918 3444 2112 3535 ὁρᾶν,

1083 3882 1441 3895 ,.,--.-ι-ῌ*ν--τᾎ-
1470 3882 1634 3889 ‘ss
1664 3882 1897 3891 u———-
1918 3884 1929 3886 -
1945 3882 2057 3891 -·—
2080 3882 2423 3895 u——nss—*A———q
2443 3882 2460 3888 ἡ
