2492 3900
297 162 424 225 440

1047 163 1559 221 ΙΠΠΟΛΤΤΟΣ

297 341 562 402 ΙΙΜΙΧ.
596 338 820 419 φίλαι,
851 339 924 401 τί
943 337 1246 421 δρῶμεν;
1274 326 1321 419 ἢ
1346 337 1543 401 δοκεῖ
1563 336 1779 419 περᾶν
1804 328 2067 419 δόμους

527 441 736 503 λῦσαί
762 431 823 502 τ’
857 430 1162 503 ἄνασσαν
1187 436 1255 515 ἐξ
1282 436 1708 503 ἐπισπαστῶν
1734 432 2047 520 βρόχων;

299 544 564 605 ΠΜΙΧ.
594 542 666 605 τί
687 533 754 604 δ’
778 566 797 618 ;
831 532 914 605 οὐ
943 534 1212 625 πάρεισι
1241 535 1611 622 πρόσπολοι
1638 543 1944 616 νεανίαις

303 750 424 809 ΤΡ.

301 951 441 1011 ΧΟ.

301 1154 446 1215 ΘΗ.

299 1866 442 1925 ΧΟ.

299 2069 446 2129 ΘΗ.

297 2173 363 2231 Χ
366 2171 441 2230 0.

300 2271 445 2333 ΘΗ.

301 2375 442 2435 ΧΟ.

300 2476 445 2536 ΘΗ.

300 2578 442 2638 ΧΟ.

302 2780 449 2842 ΘΗ.

293 3289 439 3347 ΧΟ.

530 636 604 706 τὸ
633 636 846 707 πολλὰ
875 636 1202 725 πράσσειν
1227 632 1357 706 οὐκ
1383 640 1460 705 ἐν
1484 634 1780 725 ἀσφαλεῖ
1801 644 1978 725 βίου.

525 736 864 827 ὀρθωσατ’
897 742 1313 821 ἐκτείναντες
1342 735 1591 809 ἄθλιον
1614 741 1847 826 νέκυν,

529 839 774 931 πικρὸν
799 837 943 911 τόδ’
981 841 1358 928 οίκούρημα
1387 840 1739 921 δεσπόταις
1774 844 1974 928 ἐμοῖς.

525 939 782 1013 ὄλωλεν
809 939 850 1031 ἡ
880 942 1244 1030 δύστηνος,
1276 939 1366 1025 ὥς
1391 943 1607 1029 κλύω,
1640 942 1848 1030 ymni?

529 1042 659 1132 ἤδη
685 1043 816 1133 γὰρ
845 1040 934 1125 ὥς
957 1045 1207 1133 νεκρόν
1231 1072 1346 1113 νιν
1372 1048 1746 1114 έκτείνουσι
1776 1044 1879 1131 δή.

535 1162 882 1234 γυναῖκες,
914 1156 1053 1216 ἴστε
1081 1154 1180 1227 τίς
1205 1141 1357 1221 ποτ’
1391 1150 1467 1215 ἐν
1498 1145 1729 1234 δόμοις
1761 1145 1923 1233 βοής

531 1246 658 1336 ἠχὴ
698 1256 934 1337 βαρεῖα
942 1248 1371 1373 προσπόλων
1397 1243 1458 1335 μ’
1492 1244 1791 1336 ἄφίκετο.

529 1346 612 1419 οὐ
641 1349 769 1439 γάρ
797 1358 868 1419 τί
889 1343 961 1437 μ’
993 1378 1083 1430 ως
1112 1347 1384 1475 θεωρὸν
1410 1346 1589 1431 ἀξιοῖ
1607 1348 1811 1438 δόμος

530 1450 745 1529 πύλας
774 1448 1039 1533 ἀνοίξας
1069 1448 1423 1539 εὐφρόνως
1448 1455 1949 1539 προσεννέπειν.

529 1558 676 1638 μῶν
700 1555 1012 1633 Πιτθέως
1035 1582 1098 1623 τι
1127 1563 1341 1644 γῆρας
1372 1564 1714 1640 εἴργασται
1740 1555 1935 1634 νέους

532 1654 758 1740 πρόσω
787 1652 913 1741 μὲν
939 1650 1070 1742 ἤδη
1099 1662 1356 1745 βίοτος,
1386 1651 1759 1743 ἀλλ”ὅμως
1788 1650 1883 1723 ἔτ’
1915 1649 2005 1721 ἄν

530 1754 830 1843 λυπηρὸς
855 1751 1018 1843 ἡμῖν
1047 1754 1282 1826 τούσδ’
1320 1752 1407 1825 ἄν
1433 1760 1689 1826 ἐκλίποι
1721 1755 1993 1843 δόμους.

530 1854 654 1926 οὐκ
688 1864 781 1939 εἰς
812 1860 1127 1946 γέροντας
1153 1854 1275 1945 ἥδε
1302 1878 1406 1927 σοι
1436 1865 1643 1928 τείνει
1672 1858 1859 1947 τύχη,

534 1967 760 2048 Θησεῦ
778 1983 791 1998 ·
820 1962 964 2029 νέοι
994 1960 1320 2042 θανόντες
1348 1957 1731 2047 άλγυνοῦσί
1754 1983 1847 2030 σε.
1955 2037 1961 2041 ,

531 2071 708 2149 οἴμοι
727 2083 742 2098 ·
771 2065 1027 2131 τέκνων
1053 2089 1166 2149 μοι
1195 2063 1287 2150 μή
1314 2090 1378 2132 τι
1405 2069 1685 2132 συλᾶται
1715 2070 1890 2150 βίος;

524 2170 752 2250 ζῶσιν,
782 2163 1127 2252 θανούσης
1152 2162 1399 2253 μητρὸς
1428 2161 1518 2245 ὡς
1546 2161 1823 2252 ἄλγιστά
1848 2184 1973 2233 σοι.

530 2271 601 2332 τί
626 2264 792 2351 φής;
819 2262 1076 2334 ὄλωλεν
1105 2263 1375 2354 ἅλοχοςς
1405 2269 1477 2335 ἐκ
1506 2273 1688 2347 τίνος
1715 2265 1951 2354 τύχηςς

526 2364 775 2457 βρόχον
803 2365 1178 2455 κρεμαστὸν
1207 2366 1494 2456 ἀγχόνης
1520 2364 1845 2455 ἀνήψατο.

526 2467 705 2558 λύπῃ
735 2467 1146 2557 παχνωθεῖσ’
1185 2464 1232 2557 ἢ
1259 2468 1390 2539 ἀπὸ
1418 2477 1770 2559 συμφορᾶς
1797 2476 2008 2553 τίνος;

523 2579 845 2641 τοσοῦτον
876 2581 1099 2658 ἴσμεν·
1131 2567 1284 2661 ἄρτι
1315 2571 1443 2660 γὰρ
1471 2568 1657 2658 κάγώ
1686 2573 1933 2660 δόμοις,

530 2679 788 2760 Θησεῦ,
818 2673 1091 2761 πάρειμι
1117 2680 1260 2743 σῶν
1288 2682 1517 2744 κακῶν
1542 2673 1935 2762 πενθήτρια.

533 2781 703 2843 αἰαῖ·
737 2782 807 2843 τί
830 2781 996 2862 δῆτα
1023 2772 1236 2845 τοῖσδ’
1270 2773 1671 2864 άνέστεμμαι
1700 2776 1872 2865 κάρα

533 2883 870 2944 πλεκτοῖσι
906 2875 1222 2964 φύλλοις,
1258 2876 1589 2965 δυστυχὴς
1621 2880 1883 2967 θεωρὸς
1915 2874 2049 2959 ὥνς

530 2982 769 3063 χαλᾶτε
805 2985 1102 3070 κλῇθρα,
1134 2980 1550 3067 πρόσπολοι,
1582 2978 2026 3067 πυλωμάτων,

537 3076 810 3148 ἐκλύεθ’
845 3076 1134 3168 ἁρμούς,
1167 3077 1257 3161 ὥς
1282 3087 1407 3151 ἴδω
1436 3079 1686 3169 πικρὰν
1712 3084 1885 3150 θέαν

529 3182 878 3268 γυναικός,
909 3179 952 3268 ἥ
979 3209 1061 3270 με
1097 3180 1514 3252 κατθανοῦσ’
1551 3179 1917 3252 ἀπώλεσεν.

521 3280 598 3347 lca
630 3278 708 3348 ίώ
738 3281 1015 3350 τάλαινα
1041 3285 1300 3368 μελέων
1326 3291 1583 3352 κακῶν·

530 3386 812 3468 ἔπαθες,
847 3382 1133 3467 εἰργάσω

528 3485 848 3548 τοσοῦτον
877 3477 1045 3548 ὥστε
1073 3481 1312 3549 τούσδε
1340 3486 1612 3572 συγχέαι
1643 3483 1909 3570 δόμους.

2214 652 2309 707 785

2217 1162 2317 1216 790

2205 2692 2313 2744 805

2206 3201 2313 3253 810
