2492 3900
299 99 424 168 3⁴78

993 150 1000 163 .
1107 100 1519 158 ΙΚΕΤΙΔΕΣ

531 276 794 359 ἔχοιμεν
822 266 1210 355 ἀλλήλοισιν
1239 256 1337 335 οἷν
1364 269 1635 335 πένοιτο
1664 274 1769 355 γῆ.
2222 290 2319 344 21⁰
2434 261 2438 323 ἐ

531 369 574 443 ἃ
601 366 660 442 δ’
690 366 825 443 ἔστ’
859 366 1080 458 ἄσημα
1107 365 1235 438 κού
1268 376 1486 457 σαφῆ,
1530 369 1995 459 γιγνώσκομεν

530 481 624 556 εἰς
651 481 788 564 πῦρ
815 474 1201 560 βλέποντες,
1232 471 1532 540 καὶκατὰ
1556 477 1957 562 σπλάγχνων
1980 478 2236 563 πτυχὰς

530 577 798 665 μάντεις
827 580 1407 664 προσημαίνουσιν
1430 578 1697 643 οἰωνῶν
1722 572 1784 643 τ’
1827 572 1978 646 ἄπο.

527 670 637 768 ἆρ’
669 675 752 747 οὐ
786 683 1151 766 τρυφῶμεν
1176 682 1353 745 θεοῦ
1380 675 1803 765 κατασκευὴν
1831 686 1961 770 βίῳ

528 778 763 860 δόντος
791 777 1141 865 τοιαύτην,
1171 772 1350 846 οἷσιν
1382 774 1511 847 οὐκ
1538 774 1741 865 ἀρκεῖ
1760 779 1954 863 τάδε;
2048 796 2059 801 “
2226 798 2327 853 215

528 878 676 953 ἀλλ’
711 877 750 969 ἡ
781 879 1108 971 φρόνησις
1135 886 1257 949 τοῦ
1287 886 1461 948 θεοῦ
1489 886 1714 967 μεῖζον
1742 883 2019 953 σθένειν

526 993 732 1074 ζητεῖ,
764 982 838 1052 τὸ
867 989 1124 1073 γαῦρον
1150 978 1216 1051 δ’
1252 984 1327 1051 ἐν
1356 984 1600 1071 φρεσὶν
1628 986 2019 1073 κεκτημένοι

528 1094 864 1174 δοκοῦμεν
895 1084 1068 1155 εἶναι
1098 1082 1443 1171 δαιμόνων
1469 1084 1866 1174 σοφώτεροι.

527 1179 606 1278 ἧς
631 1191 745 1259 καὶ
771 1186 860 1257 σύ
888 1194 1118 1275 φαίνει
1146 1184 1431 1267 δεκάδος
1458 1182 1541 1255 ού
1573 1186 1786 1275 σοφὸς
1813 1188 2045 1275 γεγώς,

527 1286 707 1371 ὅστις
734 1290 938 1380 κόρας
965 1291 1090 1378 μὲν
1115 1287 1484 1376 θεσφάτοις
1514 1295 1775 1376 Φοίβου
1804 1292 2022 1377 ζυγεὶς
2224 1308 2329 1361 220

530 1393 818 1477 ξένοισιν
846 1383 969 1461 οἷδ’
1003 1395 1256 1473 ἔδωκας
1286 1385 1373 1470 ὥς
1401 1390 1669 1474 ζώντων
1694 1399 1903 1477 θεῶν,

527 1491 835 1582 λαμπρὸν
865 1492 940 1561 δὲ
964 1498 1235 1585 θολερῷ
1267 1498 1457 1581 δῶμα
1484 1496 1812 1580 συμμίξας
1839 1491 1915 1562 τὸ
1944 1492 2069 1563 σὸν

528 1590 833 1684 ἥλκωσας
861 1604 1120 1674 οἴκους·
1151 1602 1323 1683 χρῆν
1351 1591 1478 1685 γὰρ
1505 1592 1662 1664 οὔτε
1692 1595 1963 1683 σώματα

529 1693 730 1767 ἄδικα
758 1700 1044 1777 δικαίοις
1070 1694 1189 1766 τὸν
1215 1695 1436 1784 σοφὸν
1462 1698 1939 1786 συμμιγνύναι,

531 1796 1102 1889 εὐδαιμονοῦντας
1128 1795 1187 1868 δ’
1221 1806 1314 1879 εἰς
1336 1798 1584 1886 δόμους
1602 1806 1890 1868 κτᾶσθαι
1921 1806 2189 1885 φίλους.
2219 1819 2316 1871 225

529 1900 760 1984 κοινὰς
787 1900 916 1992 γὰρ
942 1897 980 1972 ὁ
1009 1899 1173 1983 θεὸς
1200 1897 1317 1982 τὰς
1348 1900 1551 1988 τύχας
1578 1896 1949 1988 ἡγούμενος
2026 1957 2037 1964 .

531 2020 668 2086 τοῖς
694 2011 817 2074 τοῦ
845 2010 1208 2084 νοσοῦντος
1234 2003 1532 2091 πήμασιν
1564 2002 1841 2074 διώλεσε

531 2105 650 2178 τὸν
679 2105 764 2176 οὐ
790 2113 1122 2177 νοσοῦντα
1150 2102 1399 2175 κούδὲν
1427 2101 1807 2192 ἠδικηκότα.

531 2215 624 2289 εἰς
652 2208 728 2277 δὲ
753 2215 1107 2297 στρατείαν
1133 2207 1385 2289 πάντας
1407 2205 1749 2298 Ἀργείους
1776 2205 1980 2296 ἄγων,

527 2308 833 2397 μάντεων
860 2308 1198 2397 λεγόντων
1225 2306 1539 2400 θέσφατ’,
1571 2306 1692 2378 εἶτ’
1728 2307 2049 2398 ἀτιμάσας
2217 2329 2319 2386 230

529 2417 648 2503 βία
675 2408 1040 2501 παρελθών
1066 2409 1276 2492 θεοὺς
1304 2409 1651 2494 ἀπώλεσας
1680 2412 1900 2501 πόλιν,

531 2517 708 2595 νέοις
739 2521 1142 2604 παραχθείς,
1174 2512 1802 2602 οἵτινεςτιμώμενοι

526 2622 837 2705 χαίρουσι
863 2617 1190 2702 πολέμους
1221 2614 1279 2684 τ’
1312 2613 1678 2698 αύξάνουσ’
1716 2613 1883 2686 ἄνευ
1916 2623 2129 2706 δίκης,

493 2714 496 2722 ’
531 2724 932 2806 φθείροντες
961 2715 1235 2805 ἀστούς,
1268 2717 1310 2786 ὃ
1329 2718 1454 2805 μὲν
1480 2715 1659 2799 ὅπως
1688 2726 2123 2809 στρατηλατῇ,

525 2814 568 2886 δ’
597 2815 663 2888 δ’
698 2815 787 2899 ὥς
815 2815 1052 2908 ὑβρίζῃ
1081 2816 1375 2907 δύναμιν
1405 2827 1499 2901 είς
1525 2836 1749 2910 χεῖρας
1775 2820 2025 2910 λαβών,
2214 2839 2315 2893 235

530 2917 726 3000 ἄλλος
759 2919 834 2990 δὲ
860 2922 1142 3010 κέρδους
1186 2918 1413 3008 εἵνεκ’,
1456 2919 1581 2991 οῦκ
1613 2919 2019 2993 ἀποσκοπῶν

525 3019 602 3090 ’τὸ
630 3028 895 3108 πλῆθος
926 3032 994 3092 εί
1014 3051 1076 3091 τι
1103 3023 1463 3110 βλάπτεται
1492 3025 1746 3111 πάσχον
1776 3025 1955 3094 τάδε.

533 3137 711 3214 τρεῖς
739 3122 867 3214 γὰρ
898 3131 1190 3195 πολιτῶν
1217 3131 1486 3214 μερίδες
1504 3149 1518 3163 ·
1547 3133 1619 3196 οἳ
1637 3126 1762 3214 μὲν
1790 3124 2005 3214 ὄλβιοι

530 3222 901 3315 ἀνωφελεῖς
927 3254 996 3296 τε
1030 3226 1367 3297 πλειόνων
1394 3225 1455 3296 τ’
1486 3225 1687 3318 ἐρῶσ’
1720 3225 1855 3298 άεί·

529 3333 602 3397 οἳ
623 3324 688 3396 δ’
721 3324 847 3397 οὐκ
881 3333 1142 3414 ἔχοντες
1172 3331 1285 3397 καὶ
1314 3337 1741 3412 σπανίζοντες
1767 3337 1945 3419 βίου,
2212 3345 2313 3400 240

532 3430 744 3497 δεινοὶ
773 3429 1086 3516 νέμοντες
1111 3437 1202 3520 τῷ
1231 3429 1477 3522 φθόνῳ
1502 3432 1706 3498 πλέον
1739 3432 1936 3517 μέρος

2434 326 2442 415 i

2435 422 2442 515 ἶ

2448 1108 2458 1272 ¹

2447 1533 2458 1763 ἐ
