2492 3900
788 1068 1495 1139 ΥΠΟΘΕΣΙΣ.

329 1494 669 1564 Ἁπόλλων
715 1494 1001 1585 ᾐτήσατο
1061 1501 1240 1584 παρὰ
1300 1504 1437 1565 τῶν
1482 1504 1769 1584 Μοιρων
1826 1498 2007 1579 ὅπως
2050 1496 2087 1566 ὃ

153 1590 476 1678 Αδμητος
512 1600 830 1661 τελευτᾶν
861 1598 1127 1679 μέλλων
1163 1598 1467 1685 παράσχῃ
1502 1598 1621 1664 τὸν
1649 1595 1820 1683 ὑπὲρ
1846 1598 2089 1665 ἑαυτοῦ

165 1694 406 1758 ἑκόντα
439 1677 1026 1778 τεθνηξὸμενον,“
997 1719 1108 1759 ινα
1151 1702 1303 1761 ἴσον
1350 1701 1442 1781 τῷ
1491 1699 1789 1785 προτέρω
1838 1696 2087 1780 χρόνον

165 1790 346 1877 ζήσῃ.
390 1792 499 1855 καὶ
525 1788 606 1873 δὴ
617 1788 1023 1875 ’Ἁλκηστις“
992 1818 1032 1876 η
1057 1791 1230 1877 γυνὴ
1258 1798 1379 1859 τοῦ
1398 1790 1726 1877 Ἀδμήτου
1754 1794 2085 1859 ἐπέδωκεν
2106 1810 2139 1861 5

161 1891 429 1980 ἑαυτήν,
461 1890 823 1983 οὐδετέρου
850 1902 986 1964 τῶν
1013 1898 1273 1984 γονέων
1304 1896 1747 1982 ἐθελήσαντος
1777 1889 1948 1980 ὑπὲρ
1978 1899 2097 1960 τοῦ

159 1993 402 2074 παιδὸς
443 1993 840 2066 ἀποθανεῖν.
919 1995 1050 2086 μετ’
1098 1996 1182 2067 οὐ
1238 1997 1414 2066 πολὺ
1456 1998 1531 2066 δὲ
1582 2003 1695 2082 τῆς
1748 2001 2099 2083 συμφορᾶς

157 2097 402 2184 ταύτης
443 2102 808 2187 γενομένης
851 2096 1179 2188 (Ηρακλῆς
1233 2098 1776 2188 παραγενόμενος
1831 2099 1944 2165 καὶ
1972 2125 2100 2183 μα-

155 2198 312 2266 θων
361 2202 540 2288 παρά
585 2230 762 2282 τινος
805 2203 1224 2291 θεράποντος
1272 2202 1355 2272 τὰ
1399 2204 1553 2291 περὶ
1592 2199 1715 2288 τὴν
1738 2195 2100 2286 Ἀλκηστιν

155 2301 500 2390 ἐπορεύθη
531 2306 638 2372 ἐπὶ
677 2302 795 2372 τὸν
835 2305 1052 2392 τάφον
1082 2307 1195 2373 καὶ
1233 2303 1355 2374 τὸν
1386 2305 1691 2373 Θάνατον
1733 2299 2100 2388 ἀποστῆναι
2120 2325 2186 2377 10

157 2404 442 2491 ποιήσας
471 2409 704 2492 ἐσθῆτι
745 2407 1070 2476 καλύπτει
1101 2406 1226 2494 τὴν
1254 2423 1563 2494 γυναῖκα,
1604 2403 1723 2474 τόν
1756 2399 2101 2490 δὲ”Αδμη-

151 2533 274 2574 τον
313 2503 505 2592 ἠξίου
534 2507 824 2596 λαβόντα
853 2507 1068 2596 αὐτὴν
1096 2516 1346 2597 τηρεῖν.
1407 2509 1753 2595 εἰληφέναι
1786 2507 1861 2574 δὲ
1888 2502 2103 2590 αὐτὴν

151 2605 370 2696 πάλης
405 2599 624 2678 ἆθλον
667 2617 872 2698 ἔλεγε.
922 2610 1010 2699 μὴ
1055 2613 1477 2699 βουλομένου
1508 2610 1583 2678 δὲ
1620 2612 1883 2676 ἐκείνου
1926 2612 2102 2674 ε”δει-

151 2713 266 2791 ξεν
293 2706 380 2798 ἣν
411 2714 702 2781 ἐπένθει.

341 2811 692 2902 ’Ἄλκηστις
707 2811 1018 2902 ἡΠελίου
1033 2814 1345 2905 θυγάτηρ
1361 2811 1779 2902 ὑπομείνασα
1794 2806 1965 2898 ὑπὲρ
1981 2816 2102 2877 τοῦ
2120 2831 2185 2884 15

152 2921 339 2984 ἰδίου
360 2913 608 3006 ἀνδρὸς
623 2925 1036 3006 τελευτῆσαι,
1061 2915 1466 3007 “Ηρακλεόυς
1487 2914 2017 3003 ἐπιδημήσαντος
2034 2915 2105 2979 ἐν

147 3025 230 3105 τῇ
280 3026 608 3088 Θετταλία
649 3020 1070 3108 διασώζεται,
1114 3021 1528 3108 βιασαμένου
1568 3016 1727 3097 τοὺς
1780 3020 2105 3102 χθονίους

147 3119 362 3200 θεους
403 3124 518 3190 καὶ
556 3089 982 3210 ἀφελομένου
1025 3121 1147 3210 τὴν
1189 3136 1499 3209 γυναῖκα.
1570 3115 1720 3205 παρ’
1769 3113 2103 3206 ούδετέρω

146 3237 362 3291 κεῖται
391 3220 433 3314 ἡ
461 3231 858 3313 μυθοποιία.
915 3221 988 3294 τὸ
1033 3231 1253 3313 δρᾶμα
1296 3222 1583 3310 ἐποιήθη
1628 3219 1721 3302 ιζ’.
1782 3217 2103 3304 ἐδιδάχθη

147 3325 260 3394 ἐπὶ
297 3325 747 3396 Γλαυκίνου’
721 3326 1040 3415 άρχοντος
1078 3325 1152 3395 τὸ
1185 3334 1244 3394 λ.
1322 3351 1581 3450 πρωτος
1608 3313 1695 3410 ἦν
1721 3327 2189 3408 Σοφοκλῆς,20

147 3426 464 3518 δεύτερος
523 3427 905 3520 Εὐριπίδης
965 3427 1336 3517 Κρήσσαις,
1386 3423 1799 3583 Ἀλκμαίωνί
1822 3451 1938 3558 *τω
1994 3419 2106 3490 διὰ
