2492 3900
177 332 343 394 ΘΗ.

177 434 335 495 ΗΡ.

181 536 343 596 ΘΗ.

178 637 335 698 ΗΡ.

184 739 342 799 ΘΗ.

181 841 334 901 ΗΡ.

186 942 344 1004 ΘΗ.

182 1044 336 1105 ΗΡ.

189 1146 343 1206 ΘΗ.

186 1247 337 1308 ΗΡ.

191 1349 344 1410 ΘΗ.

188 1451 336 1512 ΗΡ.

192 1553 344 1614 ΘΗ.

191 1655 334 1716 ΗΡ.

194 1757 344 1818 ΘΗ.

194 1860 337 1919 ΗΡ.

197 1962 344 2023 ΘΗ.

197 2064 339 2125 ΗΡ.

201 2166 348 2227 ΘΗ.

202 2268 339 2340 ΗΡ.

656 155 1069 214 ΗΡΑΚΛΗΣ
1105 157 1717 222 ΜΑΙΝΟΜΕΝΟΣ
2084 156 2210 221 363

429 323 558 412 ἐγὼ
590 323 665 392 δὲ
702 324 974 410 πάσχων
1003 313 1084 392 εὖ
1111 321 1246 393 τότ’
1279 330 1587 414 οἰκτείρω
1614 349 1690 395 σε
1716 332 1867 395 νῦν.
2092 344 2209 392 νεῖ-’.τ

419 423 682 513 οἰκτρὸς
710 425 837 514 γάρ
868 432 1001 512 εἰμι
1027 421 1178 513 τᾶμ’
1213 423 1611 508 ἀποκτείνας
1637 429 1855 497 τέκνα.
2088 444 2213 496 1:231:

425 532 635 595 κλαίω
666 526 863 616 χάριν
889 525 1017 614 σὴν
1047 524 1156 613 ἐφ’
1191 529 1481 616 ἑτέραισι
1506 544 1904 617 συμφοραῖς.

413 619 615 717 ηὗρες
643 626 706 697 δ’
742 624 835 697 ἔτ’
869 625 1112 710 ἄλλους
1141 631 1215 697 ἐν
1241 645 1506 701 κακοῖσι
1534 638 1860 719 μείζοσινς

427 727 620 799 ἅπτει
649 729 961 800 κάτωθεν
990 728 1293 819 οὐρανοῦ
1322 737 1718 823 δυσπραξίᾳ.
2088 752 2211 800 mm

418 830 651 921 τοιγὰρ
681 829 1268 920 παρεσκευάσμεθ’
1300 830 1471 903 ὥστε
1498 844 1887 904 κατθανεῖν.

434 940 655 1014 δοκεῖς
682 930 980 1004 ἀπειλῶν
1007 941 1149 1004 σῶν
1174 937 1404 1022 μέλειν
1432 963 1495 1005 τι
1528 941 1873 1024 δαίμοσιν;

421 1033 722 1116 αὔθαδες
753 1032 788 1105 ὅ
825 1035 1019 1123 θεός,
1048 1034 1216 1125 πρὸς
1247 1037 1326 1106 δὲ
1352 1037 1509 1119 τοὺς
1533 1037 1744 1118 θεοὺς
1773 1037 1925 1126 ἐγώ.

427 1149 568 1225 ἴσχε
596 1133 816 1225 στόμ’,
848 1134 937 1219 ῶς
965 1136 1257 1227 μὴμέγα
1284 1140 1501 1227 λέγων
1526 1147 1750 1226 μεῖζον
1777 1139 2016 1228 πάθῃς.

423 1242 602 1329 γέμω
629 1246 859 1309 κακῶν
889 1241 1008 1329 δή,
1037 1236 1305 1309 κούκέτ’
1339 1239 1490 1311 ἔσθ’
1522 1238 1653 1332 ὅπῃ
1689 1251 1876 1331 τεθῇ.
2084 1260 2209 1308 ιἨῇ

428 1340 696 1431 δράσεις
726 1341 803 1410 δὲ
830 1341 914 1429 δὴ
941 1349 1013 1411 τί
1022 1372 1040 1425 ;
1072 1356 1194 1411 ποῖ
1219 1345 1413 1431 φέρει
1443 1343 1909 1431 θυμούμενος;

419 1444 691 1531 θανών,
721 1440 1019 1533 ὅθενπερ
1047 1435 1303 1532 ἦλθον,
1336 1443 1469 1532 εἶμι
1500 1451 1622 1533 γῆς
1651 1441 1804 1514 ὕπο.

421 1555 689 1635 εἴρηκας
719 1546 1149 1634 ἐπιτυχόντος
1177 1542 1553 1635 ἀνθρώπου
1583 1547 1843 1634 λόγους.

419 1652 504 1721 σύ
546 1651 610 1720 δ’
655 1652 835 1733 ἐκτὸς
874 1652 969 1721 ῶν
1003 1679 1078 1740 γε
1116 1659 1464 1742 συμφορᾶς
1497 1681 1579 1741 με
1613 1663 1976 1728 νουθετεῖς.

428 1746 464 1818 ὁ
493 1746 705 1817 πολλὰ
734 1745 818 1835 δὴ
846 1744 1003 1828 τλὰς
1020 1745 1347 1835 Ἡρακλῆς
1376 1749 1555 1835 λέγει
1580 1747 1773 1829 τάδε;
2084 1768 2209 1816 125.ίί

423 1846 681 1921 οὔκουν
709 1849 997 1918 τοσαῦτά
1023 1846 1118 1936 γ’,
1151 1855 1215 1917 εἰ
1235 1851 1454 1940 μέτρῳ
1483 1852 1876 1936 μοχθητέον.

434 1948 789 2043 εὐεργέτης
817 1959 1117 2039 βροτοῖσι
1145 1953 1260 2019 καὶ
1285 1953 1489 2038 μέγας
1519 1958 1747 2037 <PU-093

427 2051 559 2124 οἵδ’
595 2052 803 2122 οὐδὲν
829 2050 1180 2139 ὠφελοῦσί
1200 2049 1299 2139 μ’,
1331 2049 1480 2121 ἀλλ’
1509 2049 1687 2141 ’Ἡρα
1713 2068 1956 2140 κρατεῖ.

437 2153 563 2225 οὐκ
591 2154 679 2225 ἄν
715 2154 779 2223 σ’
819 2152 1164 2242 ἀνάσχοιθ’
1195 2152 1424 2233 Ἑλλάς
1459 2152 1717 2244 ἀμαθίᾳ
1750 2163 2004 2223 θανεῖν.

426 2254 634 2327 ἄκουε
663 2257 750 2345 δή
776 2284 941 2343 νυν,
972 2253 1063 2337 ῶς
1091 2252 1443 2344 ἁμιλληθῶ
1474 2252 1700 2344 λόγοις
2088 2273 2209 2325 151Ξώ

431 2358 598 2449 πρὸς
625 2359 1062 2447 νουθετήσεις
1089 2358 1242 2439 σάς·
1283 2355 1638 2440 ἀναπτύξω
1670 2358 1750 2426 δέ
1773 2378 1880 2425 σοι

435 2458 724 2550 ἀβίωτον
751 2457 912 2550 ἡμῖν
939 2468 1073 2529 νῦν
1099 2487 1172 2529 τε
1200 2462 1315 2529 καὶ
1342 2460 1674 2550 πάροιθεν
1703 2455 1804 2527 ὅν.

433 2570 701 2652 πρῶτον
730 2563 855 2650 μὲν
886 2566 960 2632 ἐκ
991 2558 1186 2631 τοῦδ’
1218 2560 1547 2649 ἐγενόμην
1580 2556 1759 2638 ὅστις
1787 2557 2048 2629 κτανὼν

435 2664 678 2753 μητρὸς
707 2661 982 2753 γεραιὸν
1009 2664 1262 2748 πατέρα
1290 2661 1775 2753 προστρόπαιος
1805 2655 1902 2729 ῶν

434 2773 637 2854 ἔγημε
665 2763 788 2853 τὴν
818 2772 1148 2834 τεκοῦσαν
1170 2760 1548 2851 Ἀλκμήνην
1578 2764 1710 2850 ἐμέ.
2088 2781 2217 2831 Ιΐ-ὲῧῡ

435 2864 597 2938 ὅταν
625 2868 700 2936 δὲ
727 2870 969 2956 κρηπὶς
994 2869 1085 2955 μὴ
1115 2873 1510 2955 καταβληθῇ
1537 2867 1776 2952 γένους

439 2966 697 3058 ὀρθῶς,
727 2966 986 3057 ἀνάγκη
1015 2974 1376 3055 δυστυχεῖν
1402 2964 1561 3047 τούς
1586 2966 1927 3055 ἐκγόνους.

437 3070 610 3153 Ζεὺς
638 3069 702 3139 δ’
738 3068 918 3151 ὅστις
945 3067 982 3138 ὃ
1008 3067 1181 3150 Ζεὺς
1210 3069 1529 3157 πολέμιόν
1556 3066 1628 3155 μ’
1663 3072 1960 3156 ἐγείνατο

420 3170 629 3264 4Ἤρᾳ·
673 3170 759 3242 σὺ
788 3176 1015 3261 μέντοι
1042 3172 1257 3260 μηδὲν
1286 3169 1665 3260 ἀχθεσθῇς,
1696 3172 1927 3257 γέρον·

441 3277 694 3364 πατέρα
720 3273 849 3364 γὰρ
884 3272 1035 3344 ἀντὶ
1060 3271 1277 3362 Ζηνὸς
1308 3271 1602 3361 ἡγοῦμαι
1629 3269 1694 3340 σ’
1729 3269 1878 3357 ἐγώ.
2092 3285 2217 3337 1255

441 3374 532 3445 ἔτ’
569 3380 643 3445 ἐν
671 3377 957 3465 γάλακτί
979 3375 1040 3445 τ’
1075 3373 1220 3446 ὄντι
1254 3373 1648 3463 γοργωποὺς
1675 3370 1867 3459 ὄφεις

440 3481 882 3568 ἐπεισέφρηκε
910 3478 1359 3568 σπαργάνοισι
1390 3492 1527 3557 τοῖς
1555 3479 1733 3562 ἐμοῖς
