2492 3900
1172 138 1478 197 EAENH
2186 133 2309 194 213

532 305 613 377 τὰ
641 313 852 391 ζῶντα
879 319 1017 386 τοῖς
1045 310 1382 373 θανοῦσιν
1411 299 1692 390 ἀποδοίη
1722 299 1873 372 ποτ’
1906 295 2066 395 am]

531 406 617 478 σὺ
646 406 727 495 δὴ
761 404 842 476 τὰ
870 413 992 476 τοῦ
1024 412 1194 475 θεοῦ
1222 408 1337 474 καὶ
1363 403 1443 473 τὰ
1475 411 1596 473 τοῦ
1626 403 1875 493 πατρὸς
1903 404 2162 492 σκόπει,

534 511 820 599 πότερον
853 505 888 578 ὁ
920 514 1181 595 δαίμων
1210 503 1304 593 χῶ
1338 505 1578 576 θανῶν
1604 504 1684 575 τὰ
1713 513 1849 576 τῶν
1876 508 2077 587 πέλας
2212 523 2311 578 915

534 607 875 699 βούλοιντ’
912 605 998 678 ἀν
1030 604 1071 696 ἦ
1101 606 1184 678 οὗ
1204 604 1547 696 βούλοιντ’
1582 603 1667 677 ἀν
1686 605 2060 678 ἀποδοῦναι
2088 609 2310 679 πάλιν.

528 719 708 783 δοκῶ
734 714 877 800 μέν.
913 708 1166 780 οῦκουν
1193 711 1318 799 χρή
1347 732 1422 779 σε
1450 706 1763 802 συγγόνῳ
1792 711 1996 780 πλέον

531 819 761 903 νέμειν
790 821 1048 903 ματαίῳ
1076 819 1332 900 μᾶλλον
1359 808 1403 899 ἢ
1433 816 1695 904 χρηστῷ
1724 819 1945 900 πατρί.

532 924 594 986 εἰ
617 914 681 986 δ’
722 907 890 987 οὖσα
917 915 1149 1002 μάντις
1175 916 1287 982 καὶ
1315 910 1395 982 τὰ
1424 911 1562 982 θεῖ’
1595 911 1931 1002 ἡγουμένη

530 1018 604 1087 τὸ
634 1020 758 1105 μὲν
786 1023 1051 1087 δίκαιον
1077 1023 1199 1085 τοῦ
1228 1013 1478 1104 πατρὸς
1505 1021 1922 1105 διαφθερεῖς,
2212 1031 2314 1087 920

530 1126 622 1212 τῷ
652 1117 716 1189 δ’
756 1115 839 1189 οὐ
872 1123 1110 1210 δικαίῳ
1137 1116 1451 1209 συγγόνῳ
1480 1116 1716 1197 δώσεις
1744 1117 1961 1205 χάριν,

532 1220 807 1309 αἰσχρὸν
835 1220 915 1288 τὰ
944 1223 1067 1308 μέν
1100 1241 1174 1288 σε
1200 1229 1360 1288 θεῖα
1386 1216 1580 1288 πάντ’
1615 1222 1957 1304 ἐξειδέναι,

533 1324 611 1392 τά
646 1320 705 1391 τ’
742 1319 904 1392 ὄντα
931 1324 1045 1391 καὶ
1072 1322 1196 1409 μή,
1225 1319 1306 1389 τά
1334 1321 1409 1390 δὲ
1441 1326 1668 1390 δίκαια
1695 1319 1784 1409 μὴ
1824 1322 2094 1390 εἰδέναι.

529 1433 2080 1477 ************

529 1526 652 1614 τήν
682 1523 744 1594 τ’
776 1522 1025 1594 ἀθλίαν
1055 1521 1185 1612 ἔμ’,
1216 1519 1392 1594 οἶσιν
1428 1532 1725 1613 ἔγκειμαι
1756 1540 2006 1611 κακοῖς,

532 1631 765 1715 ῥῦσαι,
796 1627 1137 1717 πάρεργον
1166 1632 1382 1697 δοῦσα
1409 1635 1608 1697 τοῦτο
1637 1633 1753 1714 τῆς
1781 1626 2012 1714 τύχης·
2213 1640 2311 1696 925

522 1726 794 1816 Ἑλένην
821 1727 948 1817 γὰρ
978 1726 1203 1808 οὐδεὶς
1230 1725 1410 1810 ὅστις
1437 1726 1520 1799 ού
1548 1744 1783 1816 στυγεῖ
1806 1735 2072 1817 βροτῶν
2091 1749 2106 1764 ·

529 1827 573 1918 ἢ
601 1831 917 1920 κλῄζομαι
945 1828 1107 1900 καθ’
1139 1827 1401 1900 Ἑλλάδ’
1435 1827 1524 1911 ῶς
1554 1828 1878 1919 προδοῦσ’
1913 1828 2076 1918 ἐμὸν

528 1933 725 2003 πόσιν
755 1939 1052 2021 Φρυγῶν
1082 1929 1309 2025 ᾤκησα
1338 1931 1806 2021 πολυχρύσους
1836 1930 2105 2019 δόμους.

527 2031 614 2120 ἢν
641 2032 704 2104 δ’
733 2032 993 2104 Ἑλλάδ’
1030 2041 1209 2104 ἔλθω
1237 2031 1501 2122 κάπιβῶ
1534 2034 1848 2123 Σπάρτης
1882 2033 2042 2105 ποτέ
2057 2049 2090 2119 ,’

527 2136 847 2217 κλύοντες
876 2135 1236 2216 εἰσιδόντες
1267 2131 1356 2216 ῶς
1382 2140 1640 2224 τέχναις
1670 2144 1859 2205 θεῶν
2209 2150 2314 2206 930

529 2235 767 2307 ὤλοντ’
774 2236 954 2326 ,έγῶ
986 2238 1063 2308 δὲ
1092 2238 1405 2327 προδότις
1431 2235 1556 2307 οῦκ
1587 2266 1765 2326 ημην
1794 2245 2036 2324 φίλων,

527 2340 728 2410 πάλιν
755 2337 824 2428 μ’
858 2336 1176 2423 ἀνάξουσ’
1212 2347 1306 2420 εἰς
1332 2340 1406 2409 τὸ
1438 2347 1719 2427 σῶφρον
1745 2331 1952 2420 αὖθις
1985 2329 2076 2407 αὖ

522 2441 907 2530 ἐκδῶσομαί
934 2469 1008 2512 τε
1033 2439 1358 2531 θυγατέρ’
1393 2470 1479 2529 ην
1510 2440 1737 2522 οὐδεὶς
1765 2455 1981 2529 γαμεῖ,

524 2542 647 2630 τὴν
676 2541 739 2612 δ’
778 2540 1018 2613 ἐνθάδ’
1055 2540 1397 2613 έκλιποῦσ’
1434 2539 1750 2631 ἀλητείαν
1781 2540 2030 2633 πικρὰν

527 2640 743 2714 ὄντων
769 2649 842 2715 ἐν
869 2656 1078 2725 οἴκοις
1105 2645 1459 2733 χρημάτων
1488 2640 1830 2732 ὀνήσομαι.
2205 2659 2309 2715 935

527 2752 633 2814 κεί
656 2747 779 2834 μὲν
808 2745 1047 2817 θανῶν
1075 2743 1180 2816 ὅδ’
1216 2748 1291 2815 ἐν
1309 2753 1492 2838 πυρᾷ
1516 2746 1922 2835 κατεσφάγη,

524 2845 753 2936 πρόσω
783 2846 903 2937 σφ’
941 2846 1196 2917 ἀπόντα
1224 2849 1545 2939 δακρύοις
1574 2844 1660 2917 ἀν
1686 2845 1970 2938 ἠγάπων
1988 2868 2002 2883 ·

524 2956 655 3018 νῦν
684 2947 750 3019 δ’
790 2947 952 3020 ὄντα
981 2953 1094 3019 καὶ
1120 2948 1410 3020 σωθέντ’
1444 2947 2023 3039 ἀφαιρεθήσομαι;

516 3049 607 3138 μὴ
642 3058 840 3141 δῆτα,
868 3049 1183 3142 παρθέν’,
1217 3050 1385 3121 ἀλλά
1411 3049 1477 3121 σ’
1509 3052 1786 3122 ἱκετεύω
1816 3052 2001 3123 τόδε·

523 3150 638 3235 δὸς
673 3154 796 3242 τὴν
830 3155 1029 3244 χάριν
1058 3183 1171 3243 μοι
1199 3155 1401 3243 τήνδε
1430 3157 1544 3225 καὶ
1571 3162 1779 3243 μιμοῦ
1810 3153 2098 3244 τρόπους
2202 3167 2306 3223 940

521 3253 769 3346 πατρός
798 3262 1064 3326 δικαίου
1081 3280 1096 3294 ·
1127 3258 1316 3327 παισὶ
1344 3256 1472 3348 γὰρ
1500 3260 1690 3337 κλέος
1717 3257 1869 3326 τόδε

518 3356 903 3446 κάλλιστον,
934 3355 1114 3440 ὅστις
1143 3361 1215 3429 ἐκ
1244 3359 1492 3449 πατρὸς
1519 3365 1807 3448 χρηστοῦ
1835 3352 2047 3445 γεγῶς

521 3464 614 3540 εἰς
641 3457 888 3530 ταύτὸν
918 3451 1088 3548 ἦλθε
1115 3477 1251 3543 τοῖς
1281 3470 1546 3532 τεκοῦσι
1576 3460 1731 3542 τοὺς
1758 3458 2066 3549 τρόπους.
