2492 3900
1065 120 1621 179 ΑΝΔΡΟΜΑΧΗ

557 290 742 382 κάγώ
774 292 1003 378 δόμοις
1030 285 1241 358 τοῖσδ’
1276 284 1495 376 ἄρσεν’
1530 292 1804 355 ἐντίκτω
1824 288 2053 377 κόρον,

559 389 871 464 πλαθεῖσ’
908 389 1257 479 Ἀχιλλέως
1285 395 1509 477 παιδί,
1541 389 1832 478 δεσπότῃ
1856 395 1901 458 δ
1905 386 1922 413 ’
1949 395 2107 484 ἐμῷ.

522 562 528 569 ,
556 498 670 566 καὶ
696 498 859 586 πρὶν
884 495 1011 582 μὲν
1039 498 1113 562 ἐν
1141 506 1404 561 κακοῖσι
1432 493 1750 579 κειμένην
1777 488 1958 579 ὅμως

557 604 742 678 ἐλπίς
769 594 829 686 μ’
863 595 967 665 ἀεὶ
999 602 1293 685 προσῆγε
1322 597 1662 674 σωθέντος
1689 595 1931 663 τέκνου

555 700 770 788 ἀλκήν
797 696 926 768 τιν’
967 694 1194 787 εὑρεῖν
1223 693 1717 787 κάπικούρησιν
1748 703 2009 765 κακῶν·

556 805 701 873 ἐπεὶ
729 803 804 871 δὲ
831 799 954 889 τὴν
981 800 1331 869 Λάκαιναν
1350 796 1704 888 Ἑρμιόνην
1737 814 1935 886 γαμεῖ

553 900 809 992 τούμὸν
837 902 1151 993 παρώσας
1184 901 1509 989 δεσπότης
1538 906 1789 969 δοῦλον
1824 903 2032 989 λέχος,

553 1022 784 1086 κακοῖς
813 1005 979 1095 πρὸς
1009 1003 1216 1092 αὐτῆς
1244 1010 1569 1091 σχετλίοις
1596 1000 1981 1090 ἐλαύνομαι.

552 1112 730 1197 λέγει
763 1107 891 1197 γὰρ
923 1104 1011 1187 ὥς
1037 1135 1150 1177 νιν
1179 1104 1559 1196 φαρμάκοις
1586 1107 2069 1195 κεκρυμμένοις

552 1208 774 1299 τίθημ’
817 1208 1070 1279 ἄπαιδα
1096 1210 1212 1278 καὶ
1235 1208 1426 1276 πόσει
1454 1209 1888 1295 μισουμένην,

557 1311 726 1400 αὐτὴ
758 1314 833 1382 δὲ
863 1318 1084 1381 ναίειν
1118 1309 1307 1379 οἷκον
1336 1305 1468 1378 ἀντ’
1503 1306 1709 1397 αὐτῆς
1735 1311 1918 1378 θέλω

554 1411 769 1502 τόνδ’,
802 1418 1181 1502 ἐκβαλοῦσα
1207 1414 1450 1501 λέκτρα
1478 1408 1788 1500 τάκείνης
1815 1419 1963 1502 βίᾳ·

555 1515 694 1604 άγώ
728 1514 802 1586 τὸ
833 1515 1138 1604 πρόσθεν
1171 1510 1295 1601 οὐχ
1325 1511 1553 1582 ἑκοῦσ’
1589 1513 1935 1602 ἐδεξάμην,

555 1626 688 1688 νῦν
720 1615 786 1686 δ’
823 1619 1204 1685 έκλέλοιπα·
1237 1615 1421 1708 νΖεὺς
1447 1613 1594 1685 τάδ’
1638 1623 1847 1704 εἰδείη
1874 1618 2078 1704 μέγας

547 1721 662 1811 [ὥς
698 1720 823 1809 οὐχ
861 1723 1105 1789 ἑκοῦσα
1139 1715 1309 1811 τῷδ’
1354 1721 1727 1807 ἑκοινιόθην
1763 1719 1980 1807 λέχει].

555 1818 704 1889 ἀλλ’
737 1817 823 1889 οὗ
852 1844 983 1910 σφε
1011 1828 1267 1908 πείθω,
1298 1820 1613 1909 βούλεται
1640 1823 1721 1889 δέ
1741 1848 1823 1908 με
1851 1835 2142 1907 κτανεῖν,

551 1925 766 2013 πατήρ
796 1951 868 1993 τε
896 1924 1192 2014 θυγατρὶ
1219 1924 1583 2003 Μενέλεως
1612 1928 1876 2014 συνδρᾷ
1903 1922 2080 1992 τάδε.

551 2029 666 2095 καὶ
696 2034 827 2095 νῦν
855 2024 1002 2095 κατ’
1040 2037 1270 2107 οἴκους
1299 2022 1461 2112 ἔστ’,
1494 2023 1623 2094 άπὸ
1655 2026 1975 2114 Σπάρτης
1999 2023 2227 2114 μολών

558 2126 649 2197 ἐπ’
687 2125 850 2197 αὐτὸ
880 2134 1079 2198 τοῦτο
1099 2151 1112 2164 ·
1147 2130 1637 2216 δειματουμένη
1667 2124 1732 2196 δ’
1762 2126 1894 2215 ἐγώ

555 2230 783 2316 δόμων
817 2229 1145 2318 πάροικον
1174 2233 1449 2310 Θέτιδος
1481 2237 1574 2310 εἰς
1602 2227 1972 2321 ἀνάκτορον

557 2331 794 2400 θάσσω
830 2329 974 2400 τόδ’
1009 2329 1313 2419 ἐλθοῦσ’,
1341 2330 1429 2420 ἦν
1456 2360 1539 2420 με
1564 2333 1838 2422 κωλύσῃ
1868 2342 2132 2402 θανεῖν.

551 2433 823 2521 Πηλεύς
848 2460 920 2503 τε
948 2434 1076 2524 γάρ
1107 2461 1221 2502 νιν
1252 2427 1525 2521 ἔκγονοί
1554 2462 1625 2504 τε
1651 2435 1931 2523 Πηλέως

554 2540 908 2625 σέβουσιν,
940 2537 1325 2628 ἑρμήνευμα
1355 2544 1675 2628 Νηρῇδος
1701 2537 1953 2626 γάμων.

554 2635 627 2719 ὃς
656 2645 698 2707 δ
705 2636 721 2662 '
757 2645 896 2708 ἔστι
925 2655 1078 2721 παῖς
1105 2667 1218 2727 μοι
1246 2640 1481 2728 μόνος,
1512 2637 1926 2728 ὑπεκπέμπω
1958 2640 2183 2732 λάθρᾳ

553 2737 796 2821 ἄλλους
825 2743 891 2820 ἐς
919 2751 1180 2829 οἴκους,
1210 2741 1302 2830 μὴ
1331 2743 1515 2832 θάνῃ
1545 2745 1961 2831 φοβουμένη.

553 2838 589 2910 ὃ
618 2840 744 2931 γὰρ
776 2842 1118 2929 φυτεύσας
1144 2840 1356 2913 αὐτὸν
1383 2841 1528 2913 οὔτ’
1563 2846 1710 2933 ἐμοὶ
1738 2844 1917 2933 πάρα

554 2951 1105 3034 προσωφελῆσαι,
1136 2953 1337 3016 παιδί
1356 2943 1423 3017 τ’
1457 2943 1662 3016 οὐδέν
1690 2944 1851 3034 ἐστ’,
1884 2944 2075 3017 ἀπὼν

556 3051 854 3132 Δελφῶν
880 3045 1035 3116 κατ’
1069 3046 1260 3136 αἶαν,
1291 3055 1464 3118 ἔνθα
1490 3053 1698 3140 Λοξίᾳ
1727 3055 1926 3137 δίκην

551 3152 790 3216 δίδωσι
817 3157 1090 3238 μανίας,
1124 3141 1169 3240 ᾖ
1195 3149 1345 3220 ποτ’
1378 3131 1445 3232 ές
1470 3151 1693 3221 Πυθώ
1722 3149 1948 3240 μολών

552 3247 754 3339 ᾔτησε
783 3259 1038 3341 Φοῖβον
1066 3252 1314 3345 πατρὸς
1343 3245 1430 3323 οὗ
1454 3251 1735 3324 ’κτίνειν
1762 3260 1982 3342 δίκην,

553 3362 622 3420 εἴ
641 3378 781 3434 πως
807 3351 888 3423 τὰ
916 3355 1176 3445 πρόσθε
1204 3353 1536 3445 σφάλματ’
1570 3356 2032 3445 ἐξαιτούμενος

555 3454 726 3525 θεὸν
752 3455 1144 3547 παράσχοιτ’
1186 3465 1281 3539 εἰς
1308 3458 1382 3528 τὸ
1417 3457 1655 3529 λοιπὸν
1684 3457 1956 3548 εὐμενῆ.

2290 412 2368 463 25

2280 1428 2350 1481 35

2274 1939 2345 1992 40

2270 2451 2335 2505 45

2266 2964 2329 3016 50
