2492 3900
857 135 1413 193 ANAPOMAXH
2075 134 2153 199 81

369 310 478 374 οἷα
508 329 590 392 με
619 300 740 371 τὸν
772 301 1109 388 δύστηνον
1138 297 1471 389 ἄμφιβᾶσ’
1504 308 1693 390 ἔχεις.

370 412 512 487 πῶς
543 398 608 473 δ’
649 409 904 491 οἴχεταί
923 430 1036 491 μοι
1074 416 1228 483 παῖς
1255 401 1473 490 μόνου
1500 401 1740 485 παιδὸς
1766 404 2004 493 μόνος;

0 474 5 611 h
371 501 630 595 σήμαιν’
651 527 666 542 ·
700 501 985 575 ἀκοῦσαι
1013 501 1081 573 δ’
1120 500 1248 573 οὐκ
1279 500 1559 575 ἄκούσθ’
1602 501 1781 593 ὅμως
1812 510 2015 577 θέλω.

0 616 1 621 ’
135 618 338 682 ΑΓΓ.
370 611 515 679 ἐπεὶ
543 605 618 679 τὸ
646 603 920 679 κλεινὸν
947 604 1253 695 ἤλθομεν
1280 613 1546 696 Φοίβου
1573 609 1804 697 πέδον,
2026 624 2159 681 1085

0 744 1 751 ¹
376 724 552 801 τρεῖς
579 709 704 798 μὲν
732 706 1032 799 φαεννὰς
1065 704 1263 797 ἡλίου
1292 708 1636 793 διεξόδους

0 752 5 937 t
375 813 507 903 θέᾳ
535 810 840 892 διδόντες
866 806 1095 898 ὄμματ’
1137 813 1648 899 ἐξεπίμπλαμεν.

375 916 490 983 καὶ
516 909 706 983 τοῦθ’
742 908 1049 983 ὕποπτον
1074 904 1164 998 ἦν
1192 908 1292 1000 ἄρ’
1316 934 1331 948 ·
1378 919 1470 993 εἰς
1500 913 1577 982 δὲ
1606 912 1957 995 συστάσεις

0 978 4 1107 s
375 1014 666 1095 κύκλους
693 1010 742 1082 τ’
775 1013 1012 1104 ἔχω’ρει
1039 1011 1198 1095 λαός
1226 1012 1514 1103 οἰκήτωρ
1543 1020 1736 1083 θεοῦ.

367 1111 856 1205 Ἀγαμέμνονος
882 1116 958 1185 δὲ
986 1129 1142 1197 παῖς
1171 1120 1570 1203 διαστείχων
1596 1114 1795 1185 πόλιν
2024 1131 2163 1185 1090

380 1224 471 1298 εἰς
501 1208 620 1298 οῦς
650 1216 903 1311 ἑκάστῳ
932 1222 1290 1305 δυσμενεῖς
1316 1214 1494 1306 ηῦδα
1522 1217 1798 1305 λόγους·

377 1316 575 1408 ὁρᾶτε
602 1326 874 1406 τοῦτον,
906 1315 979 1401 ὃς
1009 1324 1368 1407 διαστείχει
1397 1326 1577 1389 θεοῦ

377 1427 633 1545 χρυσοῦ
662 1423 952 1510 γέμοντα
983 1421 1236 1509 γύαλα,
1268 1418 1664 1511 θησαυροὺς
1691 1426 1976 1510 βροτῶν,

375 1520 448 1590 τὸ
482 1521 801 1615 δεύτερον
827 1519 1096 1612 παρόντ’
1130 1518 1231 1612 ἐφ’
1265 1518 1398 1593 οἷσι
1425 1524 1541 1593 καὶ
1568 1549 1779 1612 παρος

376 1621 556 1713 δεῦρ’
593 1614 766 1711 ἦλθε
801 1631 1062 1712 Φοίβου
1088 1623 1261 1694 ναὸν
1290 1627 1605 1715 ἐκπέρσαι
1633 1626 1895 1708 θέλων;
2030 1638 2161 1694 1095

345 1723 501 1797 ,κάκ
530 1722 720 1795 τοῦδ’
753 1725 988 1816 ἐχώρει
1015 1725 1259 1815 ῥόθιον
1286 1730 1362 1795 έν
1389 1726 1582 1796 πόλει
1610 1725 1844 1829 κακόν,

376 1824 578 1917 αρχαί
600 1823 650 1896 τ’
682 1824 1075 1917 έπληροῦντ’
1113 1836 1210 1907 εἴς
1241 1855 1311 1896 τε
1339 1822 1793 1916 βουλευτήρια

378 1934 522 2020 ἰδία
550 1924 626 1998 θ’
661 1923 808 1997 ὅσοι
834 1934 1006 1998 θεοῦ
1033 1953 1390 2017 χρηματων
1421 1932 1797 2017 ἐφέστασαν

378 2027 695 2119 φρουρὰν
724 2025 1008 2110 denegavi
1046 2031 1120 2098 ἐν
1149 2029 1577 2119 περιστύλοις
1606 2028 1858 2117 δόμοις.

377 2128 607 2221 ἡμεῖς
595 2129 672 2200 δὲ
697 2133 890 2220 μῆλα
905 2131 1255 2220 φυλλαδος
1278 2139 1670 2221 ’Παρνασίας
2026 2149 2165 2203 1100

379 2214 792 2322 παιδεύμαέ,
824 2228 1030 2302 οὐδὲν
1059 2235 1277 2303 τῶνδέ
1299 2253 1402 2304 πω
1437 2237 1877 2322 πεπυσμένοι,

379 2331 696 2423 λαβόντες
725 2324 896 2422 ᾖμεν
922 2332 1308 2425 έσχᾶραις’
1258 2366 1296 2405 τ
1345 2339 1717 2426 ἐφέσταμεν

379 2434 509 2504 σὺν
537 2437 915 2526 προξένοισι
943 2436 1265 2524 μαντεσίν
1291 2465 1365 2508 τε
1390 2446 1749 2519 Πυθικοῖς.

383 2544 501 2605 καί
525 2562 623 2618 τις
651 2533 792 2606 τόδ’
828 2535 1046 2607 εἶπεν·
1094 2529 1150 2606 ὦ
1174 2548 1443 2627 νεανία,
1474 2546 1548 2610 τί
1569 2560 1675 2609 σοι

381 2645 523 2730 θεῷ
551 2637 1106 2727 κατευξιόμεσθα,
1090 2671 1106 2685 ·
1139 2647 1320 2722 τίνος
1347 2637 1535 2727 ἥκεις
1561 2640 1808 2728 χάριν,
1791 2671 1807 2688 ·
2033 2657 2169 2710 1105

379 2735 421 2804 δ
452 2735 516 2808 δ’
551 2737 728 2810 εἶπε·
769 2747 1001 2834 Φοίβω
1026 2747 1142 2830 τῆς
1169 2740 1443 2834 πάροιθ’
1480 2737 1803 2832 ἁμαρτίας

381 2846 574 2922 δίκας
600 2857 968 2936 παρασχεῖν
994 2841 1450 2934 βουλόμεσθ’·
1508 2842 1723 2934 ᾔτησα
1748 2871 1879 2934 γαρ

385 2942 632 3032 πατρός
660 2938 798 3012 ποτ’
832 2941 1042 3014 αὐτὸν
1077 2951 1351 3034 αἵματος
1380 2953 1622 3017 δοῦναι
1652 2953 1871 3036 δίκην.

382 3040 708 3115 κάνταῦθ’
733 3041 1046 3136 Ὀρέστου
1073 3055 1298 3135 μῦθος
1326 3049 1577 3138 ἰσχύων
1603 3051 1773 3138 μέγα

387 3131 716 3240 ἐφαίνεθ’,
750 3143 838 3228 ὥς
864 3147 1184 3230 ψεύδοιτο
1213 3152 1539 3239 δεσπότης
1566 3151 1719 3239 έμός
2032 3169 2167 3222 1110

382 3241 586 3342 ἥκων
598 3245 692 3318 ἐπ’
725 3255 1051 3341 αἰσχροῖς·
1103 3257 1362 3373 ἔρχεται
1394 3250 1461 3322 δ’
1495 3249 1887 3344 ἀνακτόρων

0 3351 16 3700 ἱ
388 3333 712 3437 κρηπῖδος
737 3351 962 3459 ἐντός,
999 3379 1087 3432 ως
1122 3377 1331 3440 παρος
1364 3360 1783 3447 χρηστηρίων

390 3445 650 3533 εὔξαιτο
683 3457 947 3546 Φοίβω,
977 3455 1291 3544 τυγχάνει
1325 3454 1391 3525 δ’
1426 3460 1514 3530 ἐν
1526 3457 1882 3548 ἐμπύροις·

321 3563 504 3612 Κνωι).
546 3571 673 3614 νοτ..
716 3557 761 3613 Ι.
1776 3559 1815 3619 6
