2492 3900
301 166 436 230 306

299 555 416 618 10.

297 658 460 719 MA.

296 861 451 923 AH.

293 1575 458 1637 MA.

1030 169 1321 230 HPAKA
1330 169 1572 229 ΕΙΔΛΙ

530 341 674 412 ἐπεὶ
701 347 966 432 σφαγῆς
993 367 1070 428 γε
1098 338 1265 428 πρὸς
1292 337 1367 410 τὸ
1398 339 1628 410 δεινὸν
1658 339 1790 430 εἴμ’
1821 339 1973 431 ἐγώ,

529 455 716 534 εἴπερ
747 446 1020 531 πέφυκα
1045 439 1296 532 πατρὸς
1324 433 1537 534 οῦπερ
1568 437 1859 531 εὔχομαι.

525 543 650 617 οὐκ
681 541 765 616 ἄν
794 552 1133 633 δυναίμην
1159 551 1257 636 σῷ
1284 547 1691 635 παρεστάναι
1717 546 1923 638 μόρῳ.

532 647 618 718 σύ
653 645 720 718 δ’
757 645 926 716 ἀλλὰ
956 652 1155 716 τοῦδε
1179 655 1407 737 χρῇζε,
1438 648 1529 738 μή
1556 645 1629 736 μ’
1662 651 1737 717 ἐν
1765 645 2091 739 ἀρσένων,
2212 670 2320 726 565

529 747 666 820 ἀλλ’
698 753 772 818 ἐν
798 756 1145 838 γυναικῶν
1177 751 1411 838 χερσὶν
1442 753 1803 820 ἐκπνεῦσαι
1830 758 2006 839 βίον.

537 860 716 922 ἔσται
747 849 924 940 τάδ’,
957 842 1013 920 τό
1038 851 1319 920 τάλαινα
1350 853 1748 942 παρθένων·
1782 856 1925 923 ἐπεὶ

525 951 723 1042 κάμοὶ
751 950 894 1024 τόδ’
929 953 1238 1044 αἰσχρόν,
1267 952 1358 1042 μή
1385 975 1461 1023 σε
1494 969 1891 1046 κοσμεῖσθαι
1922 962 2174 1048 καλῶς,

529 1064 800 1126 πολλῶν
827 1059 1042 1143 ἕκατι,
1073 1062 1188 1143 τῆς
1213 1082 1285 1127 τε
1316 1064 1434 1144 σῆς
1463 1054 1788 1146 εὐψυχίας

528 1162 642 1228 καὶ
673 1167 797 1228 τοῦ
827 1164 1096 1228 δικαίου
1114 1180 1129 1195 ·
1160 1160 1695 1248 τλημονεστάτην
1724 1159 1799 1228 δὲ
1826 1160 1901 1228 σὲ
2212 1177 2319 1234 570

527 1268 763 1331 πασῶν
791 1266 1137 1349 γυναικῶν
1167 1259 1353 1330 εἶδον
1378 1257 1757 1349 ὀφθαλμοῖς
1784 1262 1935 1348 ἐγώ.

528 1359 676 1431 ἀλλ’
713 1373 780 1433 εἴ
799 1392 862 1433 τι
891 1362 1124 1453 βούλει
1154 1362 1399 1433 τούσδε
1424 1362 1545 1434 τὸν
1576 1361 1859 1453 γέροντά
1884 1391 1976 1451 τε,

523 1463 728 1554 χώρει
759 1462 1201 1554 προσειποῦσ’
1234 1461 1524 1535 ὕστατον
1551 1466 2003 1554 πρόσφθεγμα
2031 1467 2139 1556 δή.

530 1557 584 1633 ὦ
611 1581 834 1654 χαῖρε,
863 1568 1158 1657 πρέσβυ,
1193 1583 1383 1657 χαῖρε
1410 1571 1525 1638 καὶ
1553 1570 1833 1638 δίδασκέ
1855 1595 1967 1655 μοι

530 1669 836 1739 τοιούσδε
861 1668 1104 1738 τούσδε
1135 1675 1379 1750 παῖδας
1409 1677 1501 1752 εἰς
1529 1666 1602 1740 τὸ
1634 1677 1769 1739 πᾶν
1795 1669 2055 1757 σοφοὺς
2214 1686 2313 1742 575

529 1766 753 1860 ὥσπερ
783 1772 905 1859 σύ,
936 1773 1150 1860 μηδὲν
1174 1779 1463 1860 μᾶλλον·
1495 1770 1853 1862 ἀρκέσουσι
1885 1772 2035 1863 γάρ.

525 1882 734 1964 πειρῶ
764 1875 840 1945 δὲ
867 1881 1076 1943 σῶσαι
1107 1876 1217 1943 καὶ
1248 1884 1493 1944 θανεῖν
1526 1875 1875 1965 πρόθυμος
1912 1872 2039 1944 ὥν·

523 1978 630 2046 σοὶ
659 1981 891 2059 παῖδές
917 1981 1144 2066 ἐσμεν·
1176 1991 1332 2047 σαϊν
1357 1990 1585 2066 χεροῖν
1612 1976 2074 2066 τεθράμμεθα.

526 2076 688 2170 ὁρᾷς
716 2081 792 2150 δὲ
819 2076 987 2167 κάμὲ
1015 2079 1139 2168 τὴν
1165 2077 1333 2167 ἐμὴν
1362 2076 1548 2169 ὥραν
1576 2078 1795 2167 γάμου

526 2185 856 2251 διδοῦσαν
883 2178 1033 2250 ἀντὶ
1060 2187 1275 2251 τῶνδε
1303 2183 1882 2269 κατθανουμένην.
2210 2202 2315 2257 580

526 2277 718 2369 ὑμεῖς
753 2287 813 2353 δ’
841 2279 1160 2371 ἀδελφῶν
1186 2279 1228 2371 ἡ
1260 2281 1548 2375 παροῦσ’
1582 2278 1828 2371 ὁμιλία,

525 2379 1025 2473 εὐδαιμονοῖτε,
1054 2386 1168 2453 καὶ
1195 2382 1459 2481 γένοιθ’
1496 2381 1659 2474 ὑμῖν
1686 2382 1866 2454 ὅσων

523 2482 659 2575 ἡμὴ
713 2487 1002 2576 πάροιθε
1048 2492 1295 2578 καρδία
1324 2486 1756 2576 σφαγήσεται.

526 2590 638 2658 καὶ
667 2587 786 2659 τὸν
816 2590 1100 2680 γέροντα
1126 2589 1248 2679 τήν
1276 2586 1337 2659 τ’
1371 2597 1500 2661 ἔσω
1528 2604 1772 2679 γραῖαν
1802 2588 2031 2677 δόμων

530 2693 751 2776 τιμᾶτε
786 2690 1038 2776 πατρὸς
1060 2688 1280 2776 μητέρ’
1315 2689 1692 2781 Ἀλκμήνη-ν
1721 2694 1884 2779 ἐμοῦ
2206 2708 2308 2765 585

527 2794 761 2874 ξένους
790 2820 860 2861 τε
887 2793 1151 2862 τούσδε.
1183 2790 1313 2863 κᾶν
1340 2791 1691 2883 ἀπαλλαγὴ
1719 2793 1951 2864 πόνων

525 2896 636 2963 καὶ
665 2893 899 2973 νόστος
926 2890 1090 2982 ὑμῖν
1121 2892 1377 2987 εὑρεθῇ
1404 2894 1550 2966 ποτ’
1584 2899 1657 2965 ἐκ
1684 2902 1892 2982 θεῶν,

523 2997 869 3084 μέμνησθε
897 2994 1021 3085 τὴν
1047 2996 1376 3089 σώτειραν
1405 2993 1493 3080 ὥς
1520 2997 1739 3081 θάψαι
1766 2995 2002 3087 χρεών.

524 3097 807 3187 μάλιστά
834 3127 937 3169 τοι
967 3105 1264 3171 δίκαιον·
1303 3097 1385 3170 οῦ
1413 3099 1540 3190 γὰρ
1572 3100 1805 3189 ἐνδεὴς

527 3198 690 3288 ὑμῖν
717 3204 1073 3292 παρέστην,
1103 3200 1273 3273 ἀλλὰ
1301 3203 1701 3293 προύθανον
1728 3205 1987 3291 γένους.
2203 3218 2307 3273 590

525 3301 675 3374 τάδ’
709 3302 858 3375 ἀντὶ
885 3311 1148 3375 παίδων
1175 3309 1324 3375 ἐστί
1342 3333 1455 3393 μοι
1482 3305 1791 3393 κειμήλια

524 3406 639 3473 καὶ
669 3414 1108 3494 παρθενείας,
1143 3418 1210 3476 εἴ
1228 3435 1291 3476 τι
1321 3406 1404 3493 δὴ
1432 3408 1609 3476 κάτω
1636 3406 1917 3494 χθονός·

527 3514 630 3591 εἴη
659 3532 737 3593 γε
762 3508 986 3593 μέντοι
1015 3510 1257 3595 μηδέν·
1292 3515 1356 3579 εἰ
1382 3506 1510 3597 γὰρ
1540 3512 1773 3595 ἕξομεν
