<?xml version="1.0" encoding="UTF-8"?>
<!DOCTYPE html PUBLIC "-//W3C//DTD XHTML 1.0 Transitional//EN"
    "http://www.w3.org/TR/xhtml1/DTD/xhtml1-transitional.dtd">
<html xmlns="http://www.w3.org/1999/xhtml" xml:lang="en" lang="en">
 <head>
  <title>
</title>
<meta http-equiv="Content-Type" content="text/html;charset=utf-8" />
  <meta name='ocr-system' content='tesseract 3.04.00' />
  <meta name='ocr-capabilities' content='ocr_page ocr_carea ocr_par ocr_line ocrx_word'/>
</head>
<body>
  <div class='ocr_page' id='page_1' title='image "./evripidistragoe03eurigoog/evripidistragoe03eurigoog_0481.png"; bbox 0 0 2492 3900; ppageno 0'>
   <div class='ocr_carea' id='block_1_1' title="bbox 587 140 2141 207">
    <p class='ocr_par' dir='ltr' id='par_1_1' title="bbox 587 140 2141 207">
     <span class='ocr_line' id='line_1_1' title="bbox 587 140 2141 207; baseline 0.006 -10"><span class='ocrx_word' id='word_1_1' title='bbox 587 142 1002 201; x_wconf 82' lang='grc' dir='ltr'><em>,ΗΡΑΚΛΗΣ</em></span> <span class='ocrx_word' id='word_1_2' title='bbox 1039 144 1653 203; x_wconf 85' lang='grc' dir='ltr'><em>ΜΑΙΝΟΜΕΝΟΣ</em></span> <span class='ocrx_word' id='word_1_3' title='bbox 2018 140 2141 207; x_wconf 82' lang='grc'><strong><em>367</em></strong></span> 
     </span>
    </p>
   </div>
   <div class='ocr_carea' id='block_1_2' title="bbox 145 307 2147 3560">
    <p class='ocr_par' dir='ltr' id='par_1_2' title="bbox 345 307 2147 3462">
     <span class='ocr_line' id='line_1_2' title="bbox 361 307 1636 400; baseline -0.002 -19"><span class='ocrx_word' id='word_1_4' title='bbox 361 318 730 381; x_wconf 82' lang='grc' dir='ltr'><strong><em>κοινωνίαν</em></strong></span> <span class='ocrx_word' id='word_1_5' title='bbox 758 310 1130 400; x_wconf 88' lang='grc' dir='ltr'><strong><em>δύστηνον,</em></strong></span> <span class='ocrx_word' id='word_1_6' title='bbox 1160 307 1248 399; x_wconf 79' lang='grc' dir='ltr'><strong><em>ἢν</em></strong></span> <span class='ocrx_word' id='word_1_7' title='bbox 1276 308 1405 398; x_wconf 71' lang='grc' dir='ltr'><strong><em>ἐγώ</em></strong></span> <span class='ocrx_word' id='word_1_8' title='bbox 1436 310 1636 391; x_wconf 85' lang='grc' dir='ltr'><strong><em>τάλας</em></strong></span> 
     </span>
     <span class='ocr_line' id='line_1_3' title="bbox 360 410 1929 503; baseline 0.001 -21"><span class='ocrx_word' id='word_1_9' title='bbox 360 410 631 482; x_wconf 74' lang='grc' dir='ltr'><strong><em>διαίλεσ’</em></strong></span> <span class='ocrx_word' id='word_1_10' title='bbox 665 410 869 482; x_wconf 72' lang='grc' dir='ltr'><strong><em>ἄκων.</em></strong></span> <span class='ocrx_word' id='word_1_11' title='bbox 918 421 1004 503; x_wconf 83' lang='grc' dir='ltr'><strong><em>γῇ</em></strong></span> <span class='ocrx_word' id='word_1_12' title='bbox 1033 411 1102 483; x_wconf 89' lang='grc' dir='ltr'><strong><em>δ’</em></strong></span> <span class='ocrx_word' id='word_1_13' title='bbox 1137 412 1308 501; x_wconf 82' lang='grc' dir='ltr'><strong><em>ἐπὴν</em></strong></span> <span class='ocrx_word' id='word_1_14' title='bbox 1334 412 1599 502; x_wconf 85' lang='grc' dir='ltr'><strong><em>κρύψης</em></strong></span> <span class='ocrx_word' id='word_1_15' title='bbox 1624 415 1929 502; x_wconf 86' lang='grc' dir='ltr'><strong><em>νεκρούς,</em></strong></span> 
     </span>
     <span class='ocr_line' id='line_1_4' title="bbox 359 511 2145 603; baseline 0.001 -19"><span class='ocrx_word' id='word_1_16' title='bbox 359 524 532 584; x_wconf 75' lang='grc' dir='ltr'><strong><em>οἴκει</em></strong></span> <span class='ocrx_word' id='word_1_17' title='bbox 559 514 759 584; x_wconf 87' lang='grc' dir='ltr'><strong><em>πόλιν</em></strong></span> <span class='ocrx_word' id='word_1_18' title='bbox 785 513 1002 603; x_wconf 84' lang='grc' dir='ltr'><strong><em>τήνδ’,</em></strong></span> <span class='ocrx_word' id='word_1_19' title='bbox 1034 514 1291 595; x_wconf 78' lang='grc' dir='ltr'><em>ἀθλίως</em></span> <span class='ocrx_word' id='word_1_20' title='bbox 1322 517 1485 603; x_wconf 84' lang='grc' dir='ltr'><strong><em>μέν,</em></strong></span> <span class='ocrx_word' id='word_1_21' title='bbox 1514 511 1665 582; x_wconf 84' lang='grc' dir='ltr'><strong><em>ἀλλ’</em></strong></span> <span class='ocrx_word' id='word_1_22' title='bbox 1706 511 1885 603; x_wconf 82' lang='grc' dir='ltr'><strong><em>ὅμως</em></strong></span> <span class='ocrx_word' id='word_1_23' title='bbox 2009 532 2145 587; x_wconf 84' lang='grc'><strong>1365</strong></span> 
     </span>
     <span class='ocr_line' id='line_1_5' title="bbox 361 614 1718 739; baseline -0.001 -54"><span class='ocrx_word' id='word_1_24' title='bbox 361 614 611 739; x_wconf 81' lang='grc' dir='ltr'><strong><em>[ψυχὴν</em></strong></span> <span class='ocrx_word' id='word_1_25' title='bbox 637 615 870 704; x_wconf 72' lang='grc' dir='ltr'><strong><em>βιάζου</em></strong></span> <span class='ocrx_word' id='word_1_26' title='bbox 896 614 1069 706; x_wconf 86' lang='grc' dir='ltr'><strong><em>τάμα</em></strong></span> <span class='ocrx_word' id='word_1_27' title='bbox 1096 618 1471 706; x_wconf 77' lang='grc' dir='ltr'><strong><em>συμφέρειν</em></strong></span> <span class='ocrx_word' id='word_1_28' title='bbox 1502 614 1718 707; x_wconf 88' lang='grc' dir='ltr'><strong><em>κακά].</em></strong></span> 
     </span>
     <span class='ocr_line' id='line_1_6' title="bbox 358 714 1777 809; baseline 0.001 -23"><span class='ocrx_word' id='word_1_29' title='bbox 358 745 412 786; x_wconf 89' lang='grc' dir='ltr'><strong><em>ω</em></strong></span> <span class='ocrx_word' id='word_1_30' title='bbox 441 715 648 805; x_wconf 82' lang='grc' dir='ltr'><strong><em>τέκν’,</em></strong></span> <span class='ocrx_word' id='word_1_31' title='bbox 677 714 714 789; x_wconf 83' lang='grc' dir='ltr'>ὁ</span> <span class='ocrx_word' id='word_1_32' title='bbox 744 718 965 805; x_wconf 80' lang='grc' dir='ltr'><em>φύσας</em></span> <span class='ocrx_word' id='word_1_33' title='bbox 989 716 1084 807; x_wconf 72' lang='grc' dir='ltr'><strong><em>χῶ</em></strong></span> <span class='ocrx_word' id='word_1_34' title='bbox 1113 746 1330 789; x_wconf 83' lang='grc' dir='ltr'><strong><em>τεκων</em></strong></span> <span class='ocrx_word' id='word_1_35' title='bbox 1358 715 1534 807; x_wconf 78' lang='grc' dir='ltr'><strong><em>ὑμᾶς</em></strong></span> <span class='ocrx_word' id='word_1_36' title='bbox 1561 717 1777 809; x_wconf 81' lang='grc' dir='ltr'><strong><em>πατὴρ</em></strong></span> 
     </span>
     <span class='ocr_line' id='line_1_7' title="bbox 357 770 1813 909; baseline 0 -20"><span class='ocrx_word' id='word_1_37' title='bbox 357 770 675 906; x_wconf 61' lang='lat' dir='ltr'><strong><em>&amp;adl-263,</em></strong></span> <span class='ocrx_word' id='word_1_38' title='bbox 705 816 858 889; x_wconf 77' lang='grc' dir='ltr'><strong><em>οὐδ’</em></strong></span> <span class='ocrx_word' id='word_1_39' title='bbox 891 817 1162 891; x_wconf 86' lang='grc' dir='ltr'><strong><em>ω’νασθε</em></strong></span> <span class='ocrx_word' id='word_1_40' title='bbox 1189 828 1327 889; x_wconf 87' lang='grc' dir='ltr'><strong><em>τῶν</em></strong></span> <span class='ocrx_word' id='word_1_41' title='bbox 1356 824 1537 909; x_wconf 83' lang='grc' dir='ltr'><strong><em>ἐμῶν</em></strong></span> <span class='ocrx_word' id='word_1_42' title='bbox 1564 827 1813 907; x_wconf 85' lang='grc' dir='ltr'><strong><em>καλῶν,</em></strong></span> 
     </span>
     <span class='ocr_line' id='line_1_8' title="bbox 357 918 1601 1011; baseline 0.002 -22"><span class='ocrx_word' id='word_1_43' title='bbox 357 918 500 1009; x_wconf 78' lang='grc' dir='ltr'><strong><em>ἀγώ</em></strong></span> <span class='ocrx_word' id='word_1_44' title='bbox 528 922 1025 1011; x_wconf 77' lang='grc' dir='ltr'><strong><em>παρεσκεύαζον</em></strong></span> <span class='ocrx_word' id='word_1_45' title='bbox 1053 924 1409 1010; x_wconf 74' lang='grc' dir='ltr'><strong><em>ἐκμοχθῶν</em></strong></span> <span class='ocrx_word' id='word_1_46' title='bbox 1433 928 1601 1010; x_wconf 90' lang='grc' dir='ltr'><strong><em>βίου</em></strong></span> 
     </span>
     <span class='ocr_line' id='line_1_9' title="bbox 353 1018 2145 1111; baseline 0.001 -20"><span class='ocrx_word' id='word_1_47' title='bbox 353 1018 667 1093; x_wconf 76' lang='grc' dir='ltr'><strong><em>εὔκλειαν</em></strong></span> <span class='ocrx_word' id='word_1_48' title='bbox 694 1018 889 1110; x_wconf 75' lang='grc' dir='ltr'><strong><em>ὑμῖν,</em></strong></span> <span class='ocrx_word' id='word_1_49' title='bbox 921 1021 1167 1111; x_wconf 83' lang='grc' dir='ltr'><strong><em>πατρὸς</em></strong></span> <span class='ocrx_word' id='word_1_50' title='bbox 1196 1021 1573 1093; x_wconf 83' lang='grc' dir='ltr'><strong><em>ἀπόλαυσιν</em></strong></span> <span class='ocrx_word' id='word_1_51' title='bbox 1600 1024 1831 1111; x_wconf 88' lang='grc' dir='ltr'><strong><em>καλήν.</em></strong></span> <span class='ocrx_word' id='word_1_52' title='bbox 2009 1040 2145 1095; x_wconf 88' lang='grc'><strong>1370</strong></span> 
     </span>
     <span class='ocr_line' id='line_1_10' title="bbox 359 1116 1724 1213; baseline 0 -21"><span class='ocrx_word' id='word_1_53' title='bbox 359 1128 439 1195; x_wconf 84' lang='grc' dir='ltr'><strong><em>σέ</em></strong></span> <span class='ocrx_word' id='word_1_54' title='bbox 460 1121 520 1193; x_wconf 87' lang='grc' dir='ltr'><strong><em>τ’</em></strong></span> <span class='ocrx_word' id='word_1_55' title='bbox 551 1122 676 1211; x_wconf 87' lang='grc' dir='ltr'><strong><em>ούχ</em></strong></span> <span class='ocrx_word' id='word_1_56' title='bbox 707 1120 983 1213; x_wconf 83' lang='grc' dir='ltr'><strong><em>ὁμοίως,</em></strong></span> <span class='ocrx_word' id='word_1_57' title='bbox 1015 1116 1070 1195; x_wconf 73' lang='grc' dir='ltr'><strong><em>ω’</em></strong></span> <span class='ocrx_word' id='word_1_58' title='bbox 1097 1122 1381 1212; x_wconf 78' lang='grc' dir='ltr'><strong><em>τάλαιν’,</em></strong></span> <span class='ocrx_word' id='word_1_59' title='bbox 1412 1122 1724 1193; x_wconf 72' lang='grc' dir='ltr'><strong><em>ἀπώλεσα</em></strong></span> 
     </span>
     <span class='ocr_line' id='line_1_11' title="bbox 359 1222 1791 1317; baseline 0.001 -23"><span class='ocrx_word' id='word_1_60' title='bbox 359 1222 581 1316; x_wconf 73' lang='grc' dir='ltr'><strong><em>ὥσπερ</em></strong></span> <span class='ocrx_word' id='word_1_61' title='bbox 612 1226 700 1295; x_wconf 79' lang='grc' dir='ltr'><em>σύ</em></span> <span class='ocrx_word' id='word_1_62' title='bbox 729 1223 902 1314; x_wconf 80' lang='grc' dir='ltr'><strong><em>τάμὰ</em></strong></span> <span class='ocrx_word' id='word_1_63' title='bbox 930 1225 1154 1317; x_wconf 82' lang='grc' dir='ltr'><strong><em>λέκτρ’</em></strong></span> <span class='ocrx_word' id='word_1_64' title='bbox 1191 1235 1425 1311; x_wconf 76' lang='grc' dir='ltr'><strong><em>ἔσωζες</em></strong></span> <span class='ocrx_word' id='word_1_65' title='bbox 1453 1224 1791 1314; x_wconf 76' lang='grc' dir='ltr'><strong><em>ἀσφαλῶς,</em></strong></span> 
     </span>
     <span class='ocr_line' id='line_1_12' title="bbox 358 1326 1801 1418; baseline -0.001 -22"><span class='ocrx_word' id='word_1_66' title='bbox 358 1326 616 1418; x_wconf 78' lang='grc' dir='ltr'><strong><em>μακρὰς</em></strong></span> <span class='ocrx_word' id='word_1_67' title='bbox 643 1326 1038 1398; x_wconf 83' lang='grc' dir='ltr'><strong><em>διαντλοῦσ’</em></strong></span> <span class='ocrx_word' id='word_1_68' title='bbox 1080 1334 1154 1398; x_wconf 84' lang='grc' dir='ltr'><strong><em>ἐν</em></strong></span> <span class='ocrx_word' id='word_1_69' title='bbox 1184 1330 1414 1417; x_wconf 86' lang='grc' dir='ltr'><strong><em>δόμοις</em></strong></span> <span class='ocrx_word' id='word_1_70' title='bbox 1440 1335 1801 1418; x_wconf 81' lang='grc' dir='ltr'><strong><em>οἰκουρίας.</em></strong></span> 
     </span>
     <span class='ocr_line' id='line_1_13' title="bbox 356 1427 1899 1520; baseline -0.002 -21"><span class='ocrx_word' id='word_1_71' title='bbox 356 1440 535 1517; x_wconf 78' lang='grc' dir='ltr'><strong><em>οἴμοι</em></strong></span> <span class='ocrx_word' id='word_1_72' title='bbox 563 1430 900 1520; x_wconf 89' lang='grc' dir='ltr'><strong><em>δάμαρτος</em></strong></span> <span class='ocrx_word' id='word_1_73' title='bbox 927 1434 1041 1500; x_wconf 80' lang='grc' dir='ltr'><strong><em>καὶ</em></strong></span> <span class='ocrx_word' id='word_1_74' title='bbox 1068 1434 1357 1519; x_wconf 85' lang='grc' dir='ltr'><strong><em>τέκνων,</em></strong></span> <span class='ocrx_word' id='word_1_75' title='bbox 1397 1440 1573 1518; x_wconf 78' lang='grc' dir='ltr'><strong><em>οἴμοι</em></strong></span> <span class='ocrx_word' id='word_1_76' title='bbox 1602 1427 1671 1498; x_wconf 88' lang='grc' dir='ltr'><strong><em>δ’</em></strong></span> <span class='ocrx_word' id='word_1_77' title='bbox 1702 1432 1866 1517; x_wconf 85' lang='grc' dir='ltr'><strong><em>ἐμοῦ</em></strong></span> <span class='ocrx_word' id='word_1_78' title='bbox 1885 1450 1899 1464; x_wconf 91' lang='grc'><em>·</em></span> 
     </span>
     <span class='ocr_line' id='line_1_14' title="bbox 358 1528 2144 1622; baseline 0 -23"><span class='ocrx_word' id='word_1_79' title='bbox 358 1528 446 1611; x_wconf 81' lang='grc' dir='ltr'><strong><em>ὦς</em></strong></span> <span class='ocrx_word' id='word_1_80' title='bbox 474 1530 730 1613; x_wconf 79' lang='grc' dir='ltr'><strong><em>ἀθλίως</em></strong></span> <span class='ocrx_word' id='word_1_81' title='bbox 758 1534 1068 1622; x_wconf 80' lang='grc' dir='ltr'><strong><em>πέπραγα</em></strong></span> <span class='ocrx_word' id='word_1_82' title='bbox 1098 1530 1642 1621; x_wconf 72' lang='grc' dir='ltr'><strong><em>κάποζεύγνυμαι</em></strong></span> <span class='ocrx_word' id='word_1_83' title='bbox 2008 1544 2144 1600; x_wconf 81' lang='grc'><strong>1375</strong></span> 
     </span>
     <span class='ocr_line' id='line_1_15' title="bbox 356 1626 1887 1725; baseline 0 -24"><span class='ocrx_word' id='word_1_84' title='bbox 356 1636 612 1703; x_wconf 89' lang='grc' dir='ltr'><strong><em>τέκνων</em></strong></span> <span class='ocrx_word' id='word_1_85' title='bbox 638 1635 962 1722; x_wconf 85' lang='grc' dir='ltr'><strong><em>γυναικός</em></strong></span> <span class='ocrx_word' id='word_1_86' title='bbox 990 1633 1076 1703; x_wconf 89' lang='grc' dir='ltr'><strong><em>τ’·</em></strong></span> <span class='ocrx_word' id='word_1_87' title='bbox 1122 1626 1180 1704; x_wconf 73' lang='grc' dir='ltr'><em>ὦ</em></span> <span class='ocrx_word' id='word_1_88' title='bbox 1206 1636 1454 1725; x_wconf 81' lang='grc' dir='ltr'><strong><em>λυγραὶ</em></strong></span> <span class='ocrx_word' id='word_1_89' title='bbox 1489 1632 1887 1721; x_wconf 79' lang='grc' dir='ltr'><strong><em>φιλημάτων</em></strong></span> 
     </span>
     <span class='ocr_line' id='line_1_16' title="bbox 351 1734 1935 1826; baseline -0.003 -21"><span class='ocrx_word' id='word_1_90' title='bbox 351 1738 647 1825; x_wconf 80' lang='grc' dir='ltr'><strong><em>τέρψεις,</em></strong></span> <span class='ocrx_word' id='word_1_91' title='bbox 687 1740 932 1826; x_wconf 81' lang='grc' dir='ltr'><strong><em>λυγραὶ</em></strong></span> <span class='ocrx_word' id='word_1_92' title='bbox 960 1737 1038 1806; x_wconf 71' lang='grc' dir='ltr'><strong><em>δὲ</em></strong></span> <span class='ocrx_word' id='word_1_93' title='bbox 1065 1734 1269 1806; x_wconf 86' lang='grc' dir='ltr'><strong><em>τῶνδ’</em></strong></span> <span class='ocrx_word' id='word_1_94' title='bbox 1307 1734 1537 1807; x_wconf 82' lang='grc' dir='ltr'><strong><em>ὅπλων</em></strong></span> <span class='ocrx_word' id='word_1_95' title='bbox 1564 1742 1935 1805; x_wconf 82' lang='grc' dir='ltr'><strong><em>κοινωνίαι.</em></strong></span> 
     </span>
     <span class='ocr_line' id='line_1_17' title="bbox 354 1832 1757 1927; baseline 0 -23"><span class='ocrx_word' id='word_1_96' title='bbox 354 1836 673 1925; x_wconf 87' lang='grc' dir='ltr'><strong><em>ἀμηχανῶ</em></strong></span> <span class='ocrx_word' id='word_1_97' title='bbox 705 1836 832 1927; x_wconf 80' lang='grc' dir='ltr'><strong><em>γὰρ</em></strong></span> <span class='ocrx_word' id='word_1_98' title='bbox 867 1836 1096 1927; x_wconf 89' lang='grc' dir='ltr'><strong><em>πότερ’</em></strong></span> <span class='ocrx_word' id='word_1_99' title='bbox 1131 1846 1259 1925; x_wconf 79' lang='grc' dir='ltr'><strong><em>ἔχω</em></strong></span> <span class='ocrx_word' id='word_1_100' title='bbox 1288 1836 1436 1907; x_wconf 87' lang='grc' dir='ltr'><strong><em>τάδ’</em></strong></span> <span class='ocrx_word' id='word_1_101' title='bbox 1470 1832 1515 1924; x_wconf 79' lang='grc' dir='ltr'><em>ἢ</em></span> <span class='ocrx_word' id='word_1_102' title='bbox 1542 1844 1757 1924; x_wconf 91' lang='grc' dir='ltr'><strong><em>μεθῶ,</em></strong></span> 
     </span>
     <span class='ocr_line' id='line_1_18' title="bbox 355 1934 1785 2029; baseline -0.001 -21"><span class='ocrx_word' id='word_1_103' title='bbox 355 1934 399 2008; x_wconf 71' lang='grc' dir='ltr'><em>ἃ</em></span> <span class='ocrx_word' id='word_1_104' title='bbox 427 1937 688 2029; x_wconf 77' lang='grc' dir='ltr'><strong><em>πλευρὰ</em></strong></span> <span class='ocrx_word' id='word_1_105' title='bbox 716 1936 892 2028; x_wconf 77' lang='grc' dir='ltr'><strong><em>τάμὰ</em></strong></span> <span class='ocrx_word' id='word_1_106' title='bbox 919 1937 1392 2029; x_wconf 87' lang='grc' dir='ltr'><strong><em>προσπίτνοντ’</em></strong></span> <span class='ocrx_word' id='word_1_107' title='bbox 1428 1943 1572 2029; x_wconf 77' lang='grc' dir='ltr'><strong><em>ἐρεῖ</em></strong></span> <span class='ocrx_word' id='word_1_108' title='bbox 1594 1938 1753 2009; x_wconf 77' lang='grc' dir='ltr'><strong><em>τάδε</em></strong></span> <span class='ocrx_word' id='word_1_109' title='bbox 1770 1961 1785 1974; x_wconf 85' lang='grc'>’</span> 
     </span>
     <span class='ocr_line' id='line_1_19' title="bbox 353 2036 2145 2131; baseline 0 -21"><span class='ocrx_word' id='word_1_110' title='bbox 353 2039 516 2130; x_wconf 75' lang='grc' dir='ltr'><strong><em>ἡμῖν</em></strong></span> <span class='ocrx_word' id='word_1_111' title='bbox 543 2038 725 2112; x_wconf 84' lang='grc' dir='ltr'><strong><em>τέκν’</em></strong></span> <span class='ocrx_word' id='word_1_112' title='bbox 762 2036 933 2122; x_wconf 82' lang='grc' dir='ltr'><strong><em>εἷλες</em></strong></span> <span class='ocrx_word' id='word_1_113' title='bbox 960 2044 1074 2111; x_wconf 80' lang='grc' dir='ltr'><strong><em>καὶ</em></strong></span> <span class='ocrx_word' id='word_1_114' title='bbox 1103 2038 1429 2131; x_wconf 79' lang='grc' dir='ltr'><strong><em>δάμαρθ’·</em></strong></span> <span class='ocrx_word' id='word_1_115' title='bbox 1479 2037 1649 2128; x_wconf 79' lang='grc' dir='ltr'><strong><em>ἡμᾶς</em></strong></span> <span class='ocrx_word' id='word_1_116' title='bbox 1678 2046 1847 2126; x_wconf 82' lang='grc' dir='ltr'><strong><em>ἔχεις</em></strong></span> <span class='ocrx_word' id='word_1_117' title='bbox 2005 2053 2145 2110; x_wconf 88' lang='grc'><strong>1380</strong></span> 
     </span>
     <span class='ocr_line' id='line_1_20' title="bbox 354 2139 1881 2230; baseline -0.001 -19"><span class='ocrx_word' id='word_1_118' title='bbox 354 2142 842 2223; x_wconf 74' lang='grc' dir='ltr'><strong><em>παιδοκτόνους</em></strong></span> <span class='ocrx_word' id='word_1_119' title='bbox 868 2141 1049 2224; x_wconf 86' lang='grc' dir='ltr'><strong><em>σούς.</em></strong></span> <span class='ocrx_word' id='word_1_120' title='bbox 1103 2141 1224 2214; x_wconf 78' lang='grc' dir='ltr'><strong><em>εἶτ’</em></strong></span> <span class='ocrx_word' id='word_1_121' title='bbox 1259 2139 1389 2230; x_wconf 72' lang='grc' dir='ltr'><strong><em>ἐγω</em></strong></span> <span class='ocrx_word' id='word_1_122' title='bbox 1418 2139 1567 2212; x_wconf 90' lang='grc' dir='ltr'><strong><em>τάδ’</em></strong></span> <span class='ocrx_word' id='word_1_123' title='bbox 1603 2139 1881 2222; x_wconf 72' lang='grc' dir='ltr'><strong><em>ὠλέναις</em></strong></span> 
     </span>
     <span class='ocr_line' id='line_1_21' title="bbox 351 2240 1885 2333; baseline -0.001 -20"><span class='ocrx_word' id='word_1_124' title='bbox 351 2255 543 2328; x_wconf 64' lang='lat' dir='ltr'><strong><em>olom</em></strong></span> <span class='ocrx_word' id='word_1_125' title='bbox 577 2254 650 2316; x_wconf 85' lang='grc' dir='ltr'><strong><em>τί</em></strong></span> <span class='ocrx_word' id='word_1_126' title='bbox 670 2245 986 2333; x_wconf 69' lang='grc' dir='ltr'><strong><em>φάσκωνς</em></strong></span> <span class='ocrx_word' id='word_1_127' title='bbox 1023 2243 1192 2316; x_wconf 82' lang='grc' dir='ltr'><strong><em>ἀλλὰ</em></strong></span> <span class='ocrx_word' id='word_1_128' title='bbox 1218 2247 1609 2333; x_wconf 81' lang='grc' dir='ltr'><strong><em>γυμνωθεὶς</em></strong></span> <span class='ocrx_word' id='word_1_129' title='bbox 1636 2240 1885 2330; x_wconf 80' lang='grc' dir='ltr'><strong><em>ὅπλων,</em></strong></span> 
     </span>
     <span class='ocr_line' id='line_1_22' title="bbox 354 2343 1785 2438; baseline -0.001 -22"><span class='ocrx_word' id='word_1_130' title='bbox 354 2345 480 2429; x_wconf 76' lang='grc' dir='ltr'><strong><em>ξὺν</em></strong></span> <span class='ocrx_word' id='word_1_131' title='bbox 507 2343 606 2429; x_wconf 82' lang='grc' dir='ltr'><strong><em>οἷς</em></strong></span> <span class='ocrx_word' id='word_1_132' title='bbox 632 2346 713 2418; x_wconf 82' lang='grc' dir='ltr'><strong><em>τὰ</em></strong></span> <span class='ocrx_word' id='word_1_133' title='bbox 740 2346 1039 2418; x_wconf 89' lang='grc' dir='ltr'><strong><em>κάλλιστ’</em></strong></span> <span class='ocrx_word' id='word_1_134' title='bbox 1074 2344 1372 2438; x_wconf 80' lang='grc' dir='ltr'><strong><em>ἐξέπραξ’</em></strong></span> <span class='ocrx_word' id='word_1_135' title='bbox 1406 2351 1481 2417; x_wconf 90' lang='grc' dir='ltr'><strong><em>ἐν</em></strong></span> <span class='ocrx_word' id='word_1_136' title='bbox 1497 2344 1785 2433; x_wconf 81' lang='grc' dir='ltr'><strong><em>Ἑλλάδι,</em></strong></span> 
     </span>
     <span class='ocr_line' id='line_1_23' title="bbox 355 2446 1911 2540; baseline -0.001 -23"><span class='ocrx_word' id='word_1_137' title='bbox 355 2451 620 2540; x_wconf 74' lang='grc' dir='ltr'><strong><em>ἐχθροῖς</em></strong></span> <span class='ocrx_word' id='word_1_138' title='bbox 649 2449 941 2538; x_wconf 80' lang='grc' dir='ltr'><strong><em>ἐμαυτὸν</em></strong></span> <span class='ocrx_word' id='word_1_139' title='bbox 969 2447 1338 2539; x_wconf 72' lang='grc' dir='ltr'><strong><em>ὑποβαλών</em></strong></span> <span class='ocrx_word' id='word_1_140' title='bbox 1368 2455 1654 2538; x_wconf 84' lang='grc' dir='ltr'><strong><em>αἰσχρῶς</em></strong></span> <span class='ocrx_word' id='word_1_141' title='bbox 1681 2446 1911 2529; x_wconf 83' lang='grc' dir='ltr'><strong><em>θάνω;</em></strong></span> 
     </span>
     <span class='ocr_line' id='line_1_24' title="bbox 356 2548 2145 2639; baseline -0.001 -20"><span class='ocrx_word' id='word_1_142' title='bbox 356 2548 440 2620; x_wconf 82' lang='grc' dir='ltr'><strong><em>οὐ</em></strong></span> <span class='ocrx_word' id='word_1_143' title='bbox 467 2557 772 2623; x_wconf 81' lang='grc' dir='ltr'><strong><em>λειπτέον</em></strong></span> <span class='ocrx_word' id='word_1_144' title='bbox 800 2548 976 2639; x_wconf 87' lang='grc' dir='ltr'><strong><em>τάδ’,</em></strong></span> <span class='ocrx_word' id='word_1_145' title='bbox 1005 2549 1262 2632; x_wconf 79' lang='grc' dir='ltr'><strong><em>ἀθλίως</em></strong></span> <span class='ocrx_word' id='word_1_146' title='bbox 1290 2551 1366 2620; x_wconf 74' lang='grc' dir='ltr'><strong><em>δὲ</em></strong></span> <span class='ocrx_word' id='word_1_147' title='bbox 1394 2552 1707 2620; x_wconf 89' lang='grc' dir='ltr'><strong><em>σωστέον.</em></strong></span> <span class='ocrx_word' id='word_1_148' title='bbox 2008 2561 2145 2618; x_wconf 79' lang='grc'><strong>1385</strong></span> 
     </span>
     <span class='ocr_line' id='line_1_25' title="bbox 353 2647 1847 2744; baseline -0.002 -23"><span class='ocrx_word' id='word_1_149' title='bbox 353 2655 431 2721; x_wconf 78' lang='grc' dir='ltr'><strong><em>ἕν</em></strong></span> <span class='ocrx_word' id='word_1_150' title='bbox 457 2661 580 2740; x_wconf 89' lang='grc' dir='ltr'><strong><em>μοί</em></strong></span> <span class='ocrx_word' id='word_1_151' title='bbox 601 2683 696 2742; x_wconf 88' lang='grc' dir='ltr'><strong><em>τι,</em></strong></span> <span class='ocrx_word' id='word_1_152' title='bbox 728 2661 978 2742; x_wconf 80' lang='grc' dir='ltr'><strong><em>Θησεῦ,</em></strong></span> <span class='ocrx_word' id='word_1_153' title='bbox 1008 2649 1299 2742; x_wconf 81' lang='grc' dir='ltr'><strong><em>σύγκαμ’</em></strong></span> <span class='ocrx_word' id='word_1_154' title='bbox 1334 2650 1555 2744; x_wconf 74' lang='grc' dir='ltr'><strong><em>ἀθλίω</em></strong></span> <span class='ocrx_word' id='word_1_155' title='bbox 1574 2673 1589 2688; x_wconf 85' lang='grc'><em>·</em></span> <span class='ocrx_word' id='word_1_156' title='bbox 1639 2647 1847 2730; x_wconf 89' lang='grc' dir='ltr'><strong><em>κυνὸς</em></strong></span> 
     </span>
     <span class='ocr_line' id='line_1_26' title="bbox 357 2751 1901 2846; baseline -0.001 -24"><span class='ocrx_word' id='word_1_157' title='bbox 357 2755 665 2846; x_wconf 89' lang='grc' dir='ltr'><strong><em>κόμιστρ’</em></strong></span> <span class='ocrx_word' id='word_1_158' title='bbox 701 2760 768 2836; x_wconf 83' lang='grc' dir='ltr'><strong><em>ἐς</em></strong></span> <span class='ocrx_word' id='word_1_159' title='bbox 807 2753 1048 2845; x_wconf 77' lang='grc' dir='ltr'><strong><em>’Ἄργος</em></strong></span> <span class='ocrx_word' id='word_1_160' title='bbox 1077 2755 1626 2844; x_wconf 86' lang='grc' dir='ltr'><strong><em>συγκατάστησον</em></strong></span> <span class='ocrx_word' id='word_1_161' title='bbox 1652 2751 1901 2841; x_wconf 76' lang='grc' dir='ltr'><strong><em>μολών,</em></strong></span> 
     </span>
     <span class='ocr_line' id='line_1_27' title="bbox 358 2855 1742 2948; baseline -0.001 -24"><span class='ocrx_word' id='word_1_162' title='bbox 358 2857 538 2948; x_wconf 81' lang='grc' dir='ltr'><strong><em>λύπῃ</em></strong></span> <span class='ocrx_word' id='word_1_163' title='bbox 567 2888 631 2928; x_wconf 92' lang='grc' dir='ltr'><strong><em>τι</em></strong></span> <span class='ocrx_word' id='word_1_164' title='bbox 659 2863 924 2928; x_wconf 87' lang='grc' dir='ltr'><strong><em>παίδων</em></strong></span> <span class='ocrx_word' id='word_1_165' title='bbox 957 2857 1048 2946; x_wconf 81' lang='grc' dir='ltr'><strong><em>μὴ</em></strong></span> <span class='ocrx_word' id='word_1_166' title='bbox 1078 2857 1279 2928; x_wconf 89' lang='grc' dir='ltr'><strong><em>πάθω</em></strong></span> <span class='ocrx_word' id='word_1_167' title='bbox 1307 2855 1742 2946; x_wconf 89' lang='grc' dir='ltr'><strong><em>μονούμενος.</em></strong></span> 
     </span>
     <span class='ocr_line' id='line_1_28' title="bbox 361 2949 1705 3049; baseline 0.002 -22"><span class='ocrx_word' id='word_1_168' title='bbox 361 2949 417 3027; x_wconf 74' lang='grc' dir='ltr'><em>ὦ</em></span> <span class='ocrx_word' id='word_1_169' title='bbox 443 2976 602 3048; x_wconf 81' lang='grc' dir='ltr'><strong><em>γαῖα</em></strong></span> <span class='ocrx_word' id='word_1_170' title='bbox 628 2961 912 3048; x_wconf 86' lang='grc' dir='ltr'><strong><em>Κάδμου</em></strong></span> <span class='ocrx_word' id='word_1_171' title='bbox 940 2967 1068 3041; x_wconf 81' lang='grc' dir='ltr'><strong><em>πᾶς</em></strong></span> <span class='ocrx_word' id='word_1_172' title='bbox 1094 2987 1165 3030; x_wconf 86' lang='grc' dir='ltr'><strong><em>τε</em></strong></span> <span class='ocrx_word' id='word_1_173' title='bbox 1196 2968 1489 3049; x_wconf 75' lang='grc' dir='ltr'><strong><em>Θηβαῖος</em></strong></span> <span class='ocrx_word' id='word_1_174' title='bbox 1516 2957 1705 3045; x_wconf 74' lang='grc' dir='ltr'><strong><em>λεώς,</em></strong></span> 
     </span>
     <span class='ocr_line' id='line_1_29' title="bbox 361 3059 2147 3153; baseline -0.002 -24"><span class='ocrx_word' id='word_1_175' title='bbox 361 3070 686 3153; x_wconf 86' lang='grc' dir='ltr'><strong><em>κείρασθε</em></strong></span> <span class='ocrx_word' id='word_1_176' title='bbox 713 3060 1251 3151; x_wconf 83' lang='grc' dir='ltr'><strong><em>συμπενθήσατ’,</em></strong></span> <span class='ocrx_word' id='word_1_177' title='bbox 1283 3059 1507 3132; x_wconf 80' lang='grc' dir='ltr'><strong><em>ἔλθετ’</em></strong></span> <span class='ocrx_word' id='word_1_178' title='bbox 1542 3068 1635 3142; x_wconf 86' lang='grc' dir='ltr'><strong><em>εἰς</em></strong></span> <span class='ocrx_word' id='word_1_179' title='bbox 1661 3059 1879 3149; x_wconf 87' lang='grc' dir='ltr'><strong><em>τάφον</em></strong></span> <span class='ocrx_word' id='word_1_180' title='bbox 2009 3070 2147 3126; x_wconf 87' lang='grc'><strong>1390</strong></span> 
     </span>
     <span class='ocr_line' id='line_1_30' title="bbox 360 3162 1841 3257; baseline -0.001 -25"><span class='ocrx_word' id='word_1_181' title='bbox 360 3170 656 3253; x_wconf 88' lang='grc' dir='ltr'><strong><em>παίδων,</em></strong></span> <span class='ocrx_word' id='word_1_182' title='bbox 695 3162 990 3245; x_wconf 80' lang='grc' dir='ltr'><strong><em>ἅπαντας</em></strong></span> <span class='ocrx_word' id='word_1_183' title='bbox 1019 3163 1087 3234; x_wconf 89' lang='grc' dir='ltr'><strong><em>δ’</em></strong></span> <span class='ocrx_word' id='word_1_184' title='bbox 1121 3167 1222 3234; x_wconf 80' lang='grc' dir='ltr'><strong><em>ἑνὶ</em></strong></span> <span class='ocrx_word' id='word_1_185' title='bbox 1251 3164 1430 3257; x_wconf 72' lang='grc' dir='ltr'><strong><em>λόγῳ</em></strong></span> <span class='ocrx_word' id='word_1_186' title='bbox 1458 3162 1841 3250; x_wconf 80' lang='grc' dir='ltr'><strong><em>πενθήσατε</em></strong></span> 
     </span>
     <span class='ocr_line' id='line_1_31' title="bbox 359 3265 1711 3356; baseline 0.001 -22"><span class='ocrx_word' id='word_1_187' title='bbox 359 3267 644 3356; x_wconf 90' lang='grc' dir='ltr'><strong><em>νεκρούς</em></strong></span> <span class='ocrx_word' id='word_1_188' title='bbox 672 3295 744 3337; x_wconf 91' lang='grc' dir='ltr'><strong><em>τε</em></strong></span> <span class='ocrx_word' id='word_1_189' title='bbox 773 3265 972 3355; x_wconf 85' lang='grc' dir='ltr'><strong><em>κάμέ·</em></strong></span> <span class='ocrx_word' id='word_1_190' title='bbox 1023 3267 1268 3347; x_wconf 91' lang='grc' dir='ltr'><strong><em>πάντες</em></strong></span> <span class='ocrx_word' id='word_1_191' title='bbox 1294 3266 1711 3354; x_wconf 76' lang='grc' dir='ltr'><strong><em>ἐξολώλαμεν</em></strong></span> 
     </span>
     <span class='ocr_line' id='line_1_32' title="bbox 345 3363 1569 3462; baseline -0.003 -24"><span class='ocrx_word' id='word_1_192' title='bbox 345 3363 556 3457; x_wconf 59' lang='grc' dir='ltr'><strong><em>’Ἠρας</em></strong></span> <span class='ocrx_word' id='word_1_193' title='bbox 584 3377 706 3462; x_wconf 76' lang='grc' dir='ltr'><strong><em>μιᾷ</em></strong></span> <span class='ocrx_word' id='word_1_194' title='bbox 733 3372 1097 3458; x_wconf 86' lang='grc' dir='ltr'><strong><em>πληγέντες</em></strong></span> <span class='ocrx_word' id='word_1_195' title='bbox 1123 3365 1353 3438; x_wconf 68' lang='grc' dir='ltr'><strong><em>ἄθλιοι</em></strong></span> <span class='ocrx_word' id='word_1_196' title='bbox 1382 3369 1569 3458; x_wconf 82' lang='grc' dir='ltr'><strong><em>τύχῃ.</em></strong></span> 
     </span>
    </p>

    <p class='ocr_par' dir='ltr' id='par_1_3' title="bbox 145 3463 1782 3560">
     <span class='ocr_line' id='line_1_33' title="bbox 145 3463 1782 3560; baseline -0.002 -22"><span class='ocrx_word' id='word_1_197' title='bbox 145 3477 284 3538; x_wconf 84' lang='grc' dir='ltr'><strong><em>ΘΗ.</em></strong></span> <span class='ocrx_word' id='word_1_198' title='bbox 361 3467 686 3560; x_wconf 53' lang='grc' dir='ltr'><strong><em>ἀνίσταθ’,</em></strong></span> <span class='ocrx_word' id='word_1_199' title='bbox 714 3463 769 3540; x_wconf 80' lang='grc' dir='ltr'><strong><em>ῶ</em></strong></span> <span class='ocrx_word' id='word_1_200' title='bbox 797 3471 1116 3557; x_wconf 88' lang='grc' dir='ltr'><strong><em>δύστηνε·</em></strong></span> <span class='ocrx_word' id='word_1_201' title='bbox 1162 3471 1483 3558; x_wconf 86' lang='grc' dir='ltr'><strong><em>δακρύων</em></strong></span> <span class='ocrx_word' id='word_1_202' title='bbox 1521 3467 1585 3538; x_wconf 90' lang='grc' dir='ltr'><strong><em>δ’</em></strong></span> <span class='ocrx_word' id='word_1_203' title='bbox 1618 3466 1782 3548; x_wconf 78' lang='grc' dir='ltr'><strong><em>ἅλις.</em></strong></span> 
     </span>
    </p>
   </div>
  </div>
 </body>
</html>
