2492 3900
322 173 448 238 332

332 963 465 1024 XO.

811 175 1226 233 ΗΡΑΚΛΗΣ
1261 175 1879 236 ΜΑΙΝΟΜΕΝΟΣ

553 358 790 432 κρατεῖ
811 339 1061 429 χθονὸς
1088 338 1302 428 τῆσδ’,
1340 337 1476 410 ἀλλ’
1510 340 1640 429 ἐγώ
1669 339 1751 408 τὰ
1779 347 1911 410 νῦν
1940 341 2122 413 τάδε.

553 441 746 533 ὑμεῖς
778 444 854 512 δὲ
880 444 1191 531 πρέσβεις
1219 459 1363 522 ταῖς
1397 447 1583 532 ἐμαῖς
1615 447 1910 512 ἐναντίοι

551 535 930 634 γνώμαισιν
958 541 1166 631 ὄντες,
1197 541 1281 613 οὐ
1311 545 1525 632 μόνον
1562 545 1905 628 στεναξετε

553 676 712 728 τους
730 644 1162 737 Ἡρακλείους
1189 652 1452 734 παῖδας,
1484 644 1654 715 ἄλλα
1681 648 1793 715 καὶ
1822 646 2037 734 δόμου

553 750 789 836 τύχας,
819 775 985 818 οταν
1012 747 1232 838 πασχῃ
1261 777 1346 836 τι,
1376 748 1803 837 μεμνήσεσθε
1830 749 1908 817 δὲ

555 858 791 921 δοῦλοι
822 856 1109 938 γεγῶτες
1135 858 1253 938 τῆς
1286 855 1444 938 ἐμῆς
1472 855 1896 939 τυραννίδος.

555 944 611 1022 ὦ
635 959 757 1041 γῆς
785 949 1182 1041 λοχεύμαθ’,
1214 949 1559 1043 οὕς”Αρης
1588 959 1847 1040 σπείρει
1875 952 2040 1022 ποτε

553 1055 809 1145 λάβρον
836 1053 1203 1145 δράκοντος
1229 1056 1650 1144 ἐξερημώσας
1676 1057 1907 1141 γένυν,

556 1154 640 1226 ού
667 1164 970 1247 σκῆπτρα
998 1154 1220 1245 χειρὸς
1248 1159 1467 1238 δεξιᾶς
1496 1159 1851 1246 ἐρείσματα

553 1257 778 1348 ἀρεῖτε
805 1261 918 1328 καὶ
945 1254 1135 1327 τοῦδ’
1176 1255 1427 1347 ἀνδρὸς
1457 1256 1735 1327 ἀνόσιον
1761 1256 1932 1344 κάρα

555 1358 1134 1450 καθαιματώσεθ’,
1165 1357 1345 1442 ὅστις
1372 1357 1454 1429 οὗ
1479 1366 1812 1448 Καδμεῖος
1841 1354 1937 1427 ὢν

558 1459 745 1552 ἄρχει
772 1462 1079 1542 κάκιστος
1105 1470 1242 1531 τῶν
1272 1465 1448 1532 νέων
1477 1470 1726 1551 ἔπηλυς
1762 1459 1897 1545 ὤν,

558 1561 704 1633 ἀλλ’
739 1561 868 1633 οὐκ
899 1569 1063 1650 ἐμοῦ
1090 1591 1167 1652 γε
1193 1565 1543 1645 δεσπόσεις
1568 1571 1823 1653 χαίρων
1855 1565 2038 1650 ποτέ,

565 1663 716 1735 οὐδ’
753 1662 1056 1754 ἁπόνησα
1093 1665 1289 1735 πόλλ’
1322 1666 1451 1755 ἐγώ
1480 1664 1716 1756 καμὼν
1741 1667 1887 1754 χερὶ

558 1771 752 1850 ἕξεις·
799 1765 1113 1857 ἀπέρρων
1142 1766 1206 1836 δ’
1244 1776 1451 1838 ἔνθεν
1476 1761 1685 1858 ἦλθες
1712 1767 1981 1853 ἐνθάδε,

561 1867 780 1960 ὕβριζ’
801 1893 815 1906 ·
850 1874 1015 1959 ἐμοῦ
1042 1869 1172 1960 γὰρ
1201 1878 1445 1955 ζῶντος
1472 1869 1557 1941 οὐ
1586 1884 1838 1949 κτενεῖς
1866 1894 2027 1938 ποτε

559 1972 718 2055 τοὺς
735 1971 1170 2064 Ἡρακλείους
1199 1979 1473 2054 παῖδας·
1503 1972 1587 2067 οὐ
1618 1974 1895 2043 τοσόνδε
1923 1978 2045 2059 γῆς

561 2072 794 2163 ἔνερθ’
828 2078 1079 2156 ἐκεῖνος
1107 2075 1472 2166 κρύπτεται
1498 2073 1718 2146 λιπών
1743 2076 1963 2144 τέκνα.

566 2179 713 2247 ἐπεὶ
740 2174 826 2247 σύ
858 2177 981 2264 μὲν
1011 2184 1144 2265 γῆν
1169 2177 1374 2265 τήνδε
1400 2179 1708 2257 διολέσας
1734 2184 1924 2265 ἔχεις,

558 2274 600 2345 ὃ
629 2274 696 2347 δ’
729 2275 1083 2364 ὠφελήσας
1113 2275 1320 2360 ἀξίων
1348 2277 1433 2349 οὐ
1459 2280 1806 2368 τυγχάνει·

563 2376 844 2448 κᾶπειτα
871 2379 1145 2469 πράσσω
1175 2378 1367 2450 πόλλ’
1401 2379 1556 2470 ἐγώ,
1586 2387 1828 2471 φίλους
1856 2374 2059 2467 ἐμοὺς

565 2479 904 2562 θανόντας
933 2471 1013 2551 εὖ
1041 2486 1227 2572 δρῶν
1257 2472 1343 2553 οὗ
1371 2489 1593 2572 φίλων
1619 2484 1901 2572 μάλιστα
1934 2485 2073 2561 δεῖς

568 2576 622 2653 ὦ
651 2583 834 2667 δεξιὰ
861 2591 1043 2674 χείρ,
1077 2580 1165 2665 ὥς
1195 2594 1431 2665 ποθεῖς
1460 2593 1694 2673 λαβεῖν
1723 2585 1917 2674 δόρυ,

568 2691 643 2756 ἐν
671 2684 736 2754 δ’
772 2684 1096 2777 ἀσθενείᾳ
1123 2685 1244 2755 τὸν
1272 2690 1491 2756 πόθον
1511 2687 1853 2767 διώλεσας.

565 2790 710 2857 ἐπεὶ
738 2785 802 2855 σ’
839 2785 1078 2858 ἔπαυσ’
1115 2784 1201 2857 ἂν
1230 2794 1483 2858 δοῦλον
1510 2788 1876 2859 ἐννέποντά
1909 2817 1989 2877 με

568 2891 682 2958 καὶ
709 2888 908 2957 τάσδε
939 2890 1163 2978 Θήβας
1192 2888 1484 2972 εὐκλεῶς
1515 2889 1892 2984 ᾠκήσαμεν,

569 2995 641 3060 ἐν
669 2985 773 3071 αἷς
800 2988 888 3060 σύ
915 2998 1188 3082 χαίρεις.
1230 2989 1315 3062 οὐ
1343 2991 1473 3082 γὰρ
1505 2985 1584 3062 εὖ
1612 3008 1862 3083 φρονεῖ
1884 2995 2075 3074 πόλις

571 3092 796 3162 στάσει
827 3102 1122 3165 νοσοῦσα
1149 3096 1265 3163 καὶ
1291 3110 1520 3176 κακοῖς
1550 3095 2037 3184 βουλεύμασιν*

574 3192 656 3263 ού
687 3195 814 3285 γάρ
835 3193 971 3266 ποτ’
1005 3192 1089 3266 ἂν
1117 3196 1193 3275 σὲ
1221 3196 1555 3286 δεσπότην
1584 3198 1919 3287 ἐκτήσατο.

346 3305 497 3365 ΜΕ.
584 3301 926 3389 γέροντες,
959 3306 1158 3369 αἰνῶ·
1189 3306 1327 3368 τῶν
1361 3309 1583 3387 φίλων
1610 3300 1738 3391 γὰρ
1778 3306 1997 3371 εἵνεκα

575 3396 779 3489 ὀργὰς
807 3405 1066 3482 δικαίας
1096 3400 1255 3481 τοὺς
1284 3408 1526 3489 φίλους
1554 3408 1730 3489 ἔχειν
1757 3403 1975 3491 χρεών
1993 3424 2010 3438 ·

574 3497 765 3586 ἡμῶν
795 3499 860 3569 δ’
895 3505 1078 3571 ἕκατι
1107 3501 1460 3582 δεσπόταις
1491 3502 1917 3591 θυμούμενοι

2250 1274 2352 1328 255

2250 1739 2474 1834 260⁴

2248 2800 2363 2856 270

2260 3312 2365 3370 275
