2492 3900
187 433 359 497 AM.

191 639 355 700 ME.

190 738 361 801 AM.

195 843 356 902 ΜΕ.

193 945 365 1005 ΑΜ.

196 1047 359 1107 ΜΕ.

638 110 1084 213 ἨΡΑΚΑΗΣ
1118 156 1735 218 ΜΑιΝοΜΕΝοΣ
2091 155 2215 219 327

425 322 677 413 χρόνον
705 321 781 390 δὲ
807 319 1214 410 μηκύνωμεν
1241 318 1431 402 ὅντες
1458 319 1791 404 ἀσθενεῖς.

433 416 489 494 ὦ
513 423 849 513 θύγατερ,
883 418 1070 503 οὗτοι
1096 422 1333 516 ῥᾴδιον
1359 423 1440 493 τὰ
1466 424 1690 494 τοιάδε

432 526 710 616 φαύλως
739 531 1090 616 περαίνειν
1113 523 1561 596 σπουδάσαντ’
1596 523 1765 597 ἄνευ
1792 527 2028 596 πόνου.

427 629 645 717 λύπης
669 654 735 698 τι
769 632 1076 719 προσδεῖς
1110 625 1153 715 ἢ
1190 637 1406 714 φιλεῖς
1440 624 1621 694 οὕτω
1657 626 1865 714 φάοςς
2154 648 2219 700 ΞΜ,

427 733 540 800 καὶ
567 736 740 824 τῷδε
765 736 976 819 χαίρω
1002 733 1117 800 καὶ
1148 737 1327 820 φιλῶ
1354 730 1471 813 τὰς
1504 736 1797 813 ἐλπίδας.

429 829 648 921 κάγώ·
708 838 939 903 δοκεῖν
968 833 1043 902 δὲ
1074 829 1378 922 τάδόκητ’
1418 831 1503 904 ου’
1529 835 1688 922 χρή,
1724 839 1948 924 γέρον

433 939 507 1005 ἐν
535 950 678 1015 ταῖς
706 932 1069 1023 ἀναβολαῖς
1094 943 1232 1006 τῶν
1256 943 1489 1006 κακῶν
1517 935 1718 1007 ἔνεστ’
1754 963 1904 1026 ακη.

433 1035 469 1106 ὁ
499 1034 570 1107 δ’
610 1040 684 1107 ἐν
710 1039 893 1131 μέσω
919 1065 1002 1126 με
1029 1036 1287 1126 λυπρὸς
1316 1066 1415 1108 ων
1450 1039 1684 1109 δάκνει
1711 1038 1968 1129 χρόνος.

198 1146 364 1210 ΛΜ.
427 1137 690 1227 γένοιτό
716 1166 872 1227 ταν,
906 1130 961 1207 03
986 1139 1325 1230 θύγατερ,
1361 1167 1593 1231 ουριος
1621 1141 1867 1231 δρόμος
2160 1160 2225 1212 ἓξ»,

434 1246 508 1312 ἐκ
535 1249 673 1311 τῶν
686 1241 1058 1367 παρόντων
1085 1240 1293 1313 τωνδ’
1327 1245 1475 1332 ἐμοὶ
1500 1246 1617 1314 καὶ
1645 1246 1753 1313 σοὶ
1781 1252 2032 1328 κακῶν,

436 1351 627 1414 ἔλθοι
653 1340 703 1412 τ’
739 1339 820 1412 ἔτ’
854 1373 940 1414 αν
969 1360 1123 1427 παῖς
1152 1342 1394 1435 οὑμός,
1425 1342 1730 1436 εὐνάτωρ
1759 1346 1835 1416 δὲ
1862 1346 1996 1428 σός.

434 1442 579 1515 ἀλλ’
611 1442 895 1534 ἡσύχαζε
921 1449 1036 1516 καὶ
1065 1448 1532 1539 δακρυρρόους
1559 1452 1818 1520 τέκνων

438 1547 652 1636 πηγὰς
677 1544 956 1641 ἀφαίρει
990 1551 1103 1618 καὶ
1132 1549 1545 1642 παρευκήλει
1576 1551 1821 1641 λόγοις,

438 1651 815 1720 κλέπτουσα
842 1650 1090 1740 μύθοις
1119 1647 1407 1735 ἀθλίους
1430 1652 1683 1734 κλοπὰς
1715 1649 1914 1742 ὅμως.
2132 1672 2225 1720 lffjffi

439 1752 766 1841 κάμνουσι
798 1752 924 1842 γάρ
952 1780 1053 1824 τοι
1081 1757 1197 1824 καὶ
1224 1763 1491 1846 βροτῶν
1519 1761 1596 1825 αἱ
1614 1764 1984 1844 συμφοραί,

440 1857 555 1924 καὶ
581 1852 898 1943 πνεύματ’
933 1853 1201 1945 ἀνέμων
1227 1855 1358 1927 οὐκ
1387 1854 1493 1927 ἀεὶ
1519 1858 1752 1948 ῥώμην
1780 1864 1913 1945 ἔχει

586 1954 604 1981 2
694 1955 712 1982 5
899 1965 928 1980 u
1195 1958 1214 1984 ἱ
1572 1958 1589 1985 2
1724 1956 1741 1983 2
1988 1964 1991 1965 ⁷
2012 1984 2021 1992 .

301 2013 310 2015 ψ
440 1963 537 2043 [οἳ
555 1985 592 2026 τ
638 1986 1081 2047 ευτυχουντες
1111 1964 1225 2029 δια
1252 1962 1485 2041 τέλους
1511 1987 1638 2030 ουκ
1667 1966 1992 2047 ευτυχεῖς]

437 2064 765 2144 ἐξίσταται
791 2060 921 2151 γὰρ
948 2058 1133 2132 πάντ’
1167 2058 1274 2132 ἀπ’
1307 2060 1618 2151 ἀλλήλων
1645 2067 1818 2149 δίχα.

440 2154 635 2243 οὗτος
665 2170 707 2232 δ
715 2159 741 2186 ”
770 2161 945 2254 ἀνὴρ
974 2160 1242 2253 ἄριστος
1270 2160 1452 2247 ὅστις
1477 2169 1696 2235 ἐλπίσι
2132 2181 2225 2229 Ιιζὶῑῂ

441 2267 773 2336 πέποιθεν
802 2262 937 2335 ἀεί·
968 2263 1042 2336 τὸ
1075 2263 1140 2335 δ’
1175 2264 1455 2359 ἀπορεῖν
1485 2265 1734 2359 ἀνδρὸς
1760 2273 1976 2336 κακοῦ
1984 2321 1996 2333 .

340 2421 355 2436 .
443 2365 766 2459 ὑψόροφα
792 2368 1103 2457 μέλαθρα
1988 2393 2120 2453 [περ.

449 2472 563 2539 καὶ
590 2469 831 2560 γεραιὰ
860 2467 1106 2559 δέμνι’,
1137 2468 1311 2559 ἀμφὶ
1340 2471 1654 2562 βάκτροις

448 2580 722 2663 ἔρεισμα
748 2576 1069 2661 θέμενος,
1102 2573 1385 2661 ἐστάλην
1414 2575 1708 2661 ἰαλέμων

441 2676 620 2763 γόων
648 2672 878 2755 ἀοιδὸς
908 2672 1102 2758 [ὥστε
1130 2674 1383 2757 πολιὸς]
1414 2671 1621 2766 ὅρνις,
2140 2693 2233 2737 11¹³

449 2785 611 2847 ἔπεα
638 2776 853 2865 μόνον
879 2780 994 2847 καὶ
1024 2778 1285 2867 δόκημα
1311 2776 1751 2868 νυκτερωπὸν

447 2876 810 2967 ἐννύχων’
779 2886 1089 2970 ονείρων,
1133 2967 1136 2970 Α

447 2980 736 3071 τρομερὰ
764 2982 910 3070 μέν,
940 2978 1086 3051 ἀλλ’
1121 3010 1299 3070 ομως
1328 2983 1669 3072 πρόθυμα.

448 3112 498 3152 ω
474 3076 723 3153 τέκεα
749 3081 998 3174 πατρὸς
1025 3081 1294 3171 ἀπάτορ’
1300 3112 1402 3171 ,ω

451 3186 678 3278 γεραιὲ
705 3185 794 3255 σύ
822 3206 894 3256 τε
921 3186 1201 3256 τάλαινα
1227 3192 1357 3274 μᾶ·
2144 3201 2237 3249 11:3-

448 3313 598 3377 τερ,
629 3283 674 3356 ἃ
700 3286 820 3357 τὸν
839 3284 1029 3359 Ἀίδα
1054 3289 1286 3377 δόμοις

447 3386 652 3459 πόσιν
679 3386 1162 3475 ἀναστενάζεις.

850 3509 1161 3566 107-118
1187 3524 1273 3553 =
1300 3507 1611 3563 119—-129
