2492 3900
651 165 1067 222 ΗΡΑΚΛΗΣ
1101 166 1715 227 ΜΑΙΝΟΜΕΝΟΣ
2092 163 2212 224 343

429 329 624 420 ὄρνιν
653 330 716 403 δ’
753 333 920 402 ἰδών
947 329 1066 402 τιν’
1103 330 1227 401 οὐκ
1260 337 1333 404 ἐν
1361 342 1600 416 αἰσίοις
1630 339 1877 424 ἕδραις,

427 443 646 522 ἔγνων
671 435 884 505 πόνον
914 431 1030 503 τιν’
1067 441 1159 516 εἰς
1189 436 1441 525 δόμους
1473 437 1865 508 πεπτωκότα
1884 460 1898 475 ·

428 533 574 606 ὥστ’
609 540 682 607 ἐκ
709 544 1028 628 προνοίας
1054 537 1347 626 κρύφιος
1372 547 1690 628 εἰσῆλθον
1717 541 1956 627 χθόνα.

193 648 356 710 AM.
423 645 674 721 καλῶς·
711 646 1112 725 προσελθών
1146 652 1280 713 νῦν
1316 644 1642 730 πρόσειπέ
1673 641 1748 711 θ’
1788 644 2004 710 ἑστίαν

425 743 539 811 καὶ
565 738 682 823 δὸς
709 742 1042 834 πατρςόοις
1070 740 1373 830 δώμασιν
1403 742 1528 813 σὸν
1558 740 1705 832 ὄμμ’
1741 750 1933 814 ἰδεῖν.
2108 768 2208 814 eim·

424 840 565 932 ἥξει
592 841 720 933 γὰρ
749 840 953 925 αὐτὸς
979 841 1109 932 σὴν
1138 841 1441 934 δάμαρτα
1467 849 1581 916 καὶ
1610 849 1811 916 τέκνα

427 948 637 1028 ἕλξων
665 946 1024 1033 φονεύσων
1051 942 1197 1032 κᾶμ’
1233 949 1619 1035 ἐπισφάξων
1647 946 1809 1031 ἅναξ
1829 971 1843 985 ·

424 1050 694 1134 μένοντι
723 1045 789 1117 δ’
824 1045 1036 1117 αὐτοῦ
1065 1049 1283 1118 πάντα
1311 1071 1418 1118 σοι
1447 1050 1796 1139 γενήσεται

424 1157 502 1239 τῇ
529 1147 578 1220 τ’
611 1147 944 1242 ἀσφαλείᾳ
970 1155 1351 1240 κερδανεῖς·
1383 1152 1583 1221 πόλιν
1614 1153 1689 1222 δὲ
1716 1151 1844 1240 σὴν

422 1251 512 1341 μὴ
532 1254 696 1342 πρὶν
714 1254 997 1378 ταράξῃς
1015 1255 1179 1343 πρὶν
1197 1251 1343 1323 τόδ’
1380 1245 1460 1323 εὖ
1480 1258 1754 1342 θέσθαι,
1787 1257 2040 1324 τέκνου
2108 1276 2204 1324 sins·-

189 1361 328 1423 HP.
422 1355 647 1444 δράσω
675 1351 844 1424 τάδ’
894 1346 974 1424 εὖ
1000 1384 1126 1446 γαρ
1158 1355 1378 1436 εἶπας
1412 1353 1529 1444 εἶμ’
1566 1367 1721 1426 εἴσω
1751 1357 1996 1445 δόμων.

422 1457 640 1550 χρόνω
670 1453 734 1526 δ’
768 1454 1082 1528 ανελθών
1111 1461 1175 1540 ἐξ
1205 1455 1505 1546 ανηλίων
1537 1487 1773 1547 μυχων

405 1556 642 1629 Ἀιδου
668 1559 894 1650 Κόρης
922 1557 970 1628 τ’
1005 1567 1290 1648 ἔνερθεν
1320 1558 1446 1630 οὐκ
1475 1557 1773 1649 ἀτιμάσω

421 1659 628 1741 θεοὺς
653 1677 1044 1787 προσειπεῖν
1071 1689 1303 1750 πρωτα
1331 1661 1490 1743 τούς
1517 1662 1684 1733 κατὰ
1718 1668 1972 1752 στέγας.

188 1770 356 1832 AM.
427 1754 633 1850 ἦλθες
663 1792 790 1852 γαρ
820 1793 1031 1844 ουτως
1059 1763 1309 1852 δωματ’
1346 1773 1442 1846 εἰς
1467 1761 1737 1852 Ἅιδου,
1768 1770 2040 1848 τέκνοις
2112 1788 2208 1836 νῆιν

187 1872 330 1934 ΗΡ.
419 1868 532 1934 καὶ
566 1867 750 1956 θῆρά
775 1863 829 1953 γ’
867 1873 959 1946 εἰς
981 1874 1131 1955 «φῶς
1160 1865 1280 1935 τὸν
1308 1876 1670 1956 τρίκρανον
1698 1864 1972 1959 ἤγαγον.

192 1976 352 2037 ΑΜ.
421 1970 594 2058 μάχῃ
623 1969 954 2057 κρατήσας
987 1964 1030 2057 ἦ
1057 1977 1224 2049 θεᾶς
1253 1970 1678 2058 δωρήμασιν;

187 2078 330 2141 ΗΡ.
419 2072 626 2160 μάχῃ·
660 2068 741 2139 τὰ
768 2078 1041 2159 μυστῶν
1073 2068 1139 2140 δ’
1171 2068 1679 2162 ὄργι’,ηὐτύχηᾶ
1715 2073 1901 2143 ἰδών.

193 2180 354 2241 ΑΜ.
423 2165 466 2261 ἦ
495 2175 608 2243 καὶ
637 2169 771 2242 κατ’
809 2184 1036 2254 οἴκους
1063 2176 1245 2243 ἐστὶν
1272 2172 1691 2264 Εὐρυσθέως
1722 2173 1757 2247 ὁ
1785 2176 1956 2265 θήρς,

186 2281 328 2342 ΗΡ.
417 2284 722 2356 Χθονίας
749 2304 861 2345 νιν
891 2273 1088 2357 ἄλσος
1109 2273 1397 2366 Ἑρμιών
1424 2275 1473 2346 τ’
1508 2285 1639 2365 ἔχει
1670 2280 1876 2360 πόλις.
2108 2301 2202 2349 τςηᾳι

188 2385 352 2446 AM.
420 2375 572 2446 οὐδ’
608 2377 791 2447 οἶδεν
815 2374 1232 2470 Ἐὐρυσθεύς
1252 2405 1327 2448 σε
1360 2387 1480 2469 γῆς
1506 2377 1722 2468 ἥκοντ’
1757 2379 1933 2465 ἄνω;

186 2486 329 2547 ΗΡ.
421 2477 547 2550 οὐκ
578 2479 762 2550 οἶδεν
783 2503 798 2517 ·
831 2479 1056 2550 ἐλθὼν
1082 2478 1368 2550 τάνθάδ’
1406 2488 1659 2570 εἰδείην
1687 2484 1913 2571 πάρος.

186 2589 353 2651 AM.
422 2582 667 2673 χρόνον
695 2583 771 2652 δὲ
797 2591 936 2663 πῶς
964 2591 1285 2653 τοσοῦτον
1313 2576 1476 2671 ἦσθ’
1510 2581 1645 2653 ὑπὸ
1674 2593 1883 2671 χθονί
1894 2617 1909 2666 ;

185 2690 327 2752 ΗΡ.
425 2687 646 2773 Θησέα
672 2692 960 2773 κομίζων
989 2682 1267 2774 ἐχρόνιὸ
1300 2688 1365 2767 ἐξ
1394 2682 1665 2774 Ἅιδου,
1698 2687 1926 2776 πάτερ.

185 2794 351 2854 ΑΜ.
421 2789 535 2856 καὶ
564 2794 698 2857 ποῦ
721 2785 929 2870 ’στιν;
957 2782 1000 2875 ἢ
1027 2795 1147 2876 γῆς
1176 2793 1495 2876 πατρίδος
1523 2798 1768 2877 οἴχεται
1798 2792 2000 2859 πέδου
2028 2829 2037 2865 ;
2100 2813 2200 2857 ⁴121·

175 2895 325 2956 ΗΡ.
412 2887 633 2979 βέβηκ’
676 2886 966 2978 Ἀθήνας
993 2894 1243 2981 νέρθεν
1273 2888 1558 2978 ἄσμενος
1587 2891 1850 2981 φυγών.

419 2988 554 3060 ἀλλ’
591 2990 703 3079 εἶ’,
733 2988 1080 3081 ὁμαρτεῖτ’,
1113 2984 1168 3061 ὦ
1196 2991 1391 3082 τέκν’,
1425 3002 1518 3074 εἰς
1547 2994 1797 3082 δόμους
1825 3009 2056 3085 πατρί’

419 3097 769 3176 καλλίονές
794 3092 930 3184 τᾶρ’
964 3101 1211 3165 εἴσοδοι
1243 3104 1379 3165 τῶν
1409 3097 1658 3179 ἐξόδων

419 3197 729 3286 πάρεισιν
755 3193 937 3286 ὑμῖν.
976 3194 1142 3266 ἀλλὰ
1169 3198 1419 3287 θάρσος
1451 3209 1661 3285 ἴσχετε

418 3302 530 3368 καὶ
559 3297 784 3387 νάματ’
819 3298 1041 3370 ὅσσων
1066 3298 1285 3388 μηκέτ’
1320 3304 1629 3389 ἐξανίετε,
2100 3321 2196 3369 {2¹25-

419 3402 505 3470 σύ
534 3399 592 3470 τ’
629 3394 682 3470 ὦ
715 3399 918 3490 γύναι
945 3430 1056 3491 μοι
1087 3404 1420 3492 σύλλογον
1446 3412 1662 3491 ψυχῆς
1696 3405 1857 3492 λαβὲ

415 3504 669 3594 τρόμου
696 3532 768 3574 τε
795 3512 1082 3591 παῦσαι,
1114 3507 1225 3573 καὶ
1260 3504 1547 3591 μέθεσθ’
1582 3510 1760 3593 ἐμῶν
1789 3508 2060 3574 πέπλων
2085 3533 2087 3537 ’
