2492 3900
179 764 343 825 ME.

936 182 1493 240 ΑΝΔΡΟΜΑΧΗ
2122 176 2201 241 57

426 347 747 433 μόχθους,
782 346 902 427 οὒς
923 347 1093 434 ἀμφὶ
1137 356 1387 436 Τροίαν
2101 366 2205 421 305

423 450 716 528 δεκέτεις
744 444 1076 535 ἀλάληντο
1102 451 1244 517 νέοι
1274 450 1542 536 λόγχαις
1559 471 1573 484 ·

423 553 580 638 λέχη
606 546 654 617 τ’
691 548 870 641 ἔρημ’
905 546 990 618 ἂν
1017 547 1255 623 οὔποτ’
1290 554 1695 639 ἐξελείπετο,

421 655 534 722 καὶ
565 654 814 721 τεκέων
841 648 1131 741 ὀρφανοὶ
1156 656 1489 740 γέροντες.

419 752 561 842 ἥκω
591 751 823 842 λαβών
849 751 972 823 σὸν
1000 752 1213 842 παῖδ’,
1247 752 1329 824 ὃν
1360 762 1453 837 εἰς
1480 752 1725 836 ἄλλους
1754 755 2003 843 δόμους

418 857 644 947 λάθρᾳ
668 855 1010 946 θυγατρὸς
1035 864 1151 945 τῆς
1179 860 1338 944 έμῆς
1366 854 1725 939 ὑπεξέθου.
2102 875 2207 929 310

417 960 492 1027 σὲ
519 959 643 1047 μὲν
669 956 798 1047 γὰρ
830 956 1058 1047 ηὔχεις
1086 966 1256 1039 θεᾶς
1282 962 1522 1048 βρέτας
1549 961 1796 1029 σώσειν
1822 960 1999 1049 τόδε,

417 1067 659 1130 τοῦτον
686 1062 762 1130 δὲ
788 1060 947 1142 τούς
973 1061 1363 1150 κρύψαντας
1383 1083 1397 1097 ·
1442 1057 1581 1129 ἀλλ’
1620 1064 2001 1151 ἐφηυρέθης

419 1154 628 1250 ἧσσον
657 1170 1006 1252 φρονοῦσα
1031 1169 1235 1233 τοῦδε
1262 1165 1620 1249 Μενέλεω,
1652 1163 1875 1251 γύναι.

417 1274 524 1334 κεί
547 1264 636 1354 μὴ
665 1262 812 1335 τόδ’
847 1262 1192 1335 έκλιποῦσ’
1223 1265 1587 1355 έρημώσεις
1616 1268 1847 1351 πέδον,

421 1364 530 1437 ὅδ’
563 1364 716 1437 ἀντὶ
741 1375 862 1436 τοῦ
890 1376 1017 1437 σοῦ
1050 1367 1353 1455 σώματος
1384 1367 1819 1456 σφαγήσεται.
2102 1386 2205 1438 315

422 1468 596 1540 ταῦτ’
632 1461 761 1540 οὖν
798 1477 1100 1559 λογίζου,
1131 1470 1381 1559 πότερα
1407 1481 1781 1539 κατθανεῖν
1807 1474 2033 1551 θέλεις

423 1568 463 1660 ἢ
490 1569 677 1642 τόνδ’
713 1568 993 1642 ὀλέσθαι
1023 1579 1142 1660 σῆς
1171 1568 1495 1662 ἁμαρτίας
1530 1569 1728 1663 ὕπερ,

417 1672 506 1762 ἣν
534 1682 628 1756 εἰς
657 1672 750 1763 ἔμ’
789 1685 884 1755 εἰς
911 1702 984 1744 τε
1012 1673 1202 1745 παῖδ’
1237 1674 1407 1763 ἐμὴν
1435 1673 1855 1764 ἁμαρτάνεις.

324 1829 336 1843 .
418 1769 474 1845 ώ
498 1777 658 1859 δόξα
690 1777 882 1862 δόξα,
915 1785 1220 1865 μυρίοισι
1249 1776 1335 1863 δὴ
1363 1784 1631 1865 βροτῶν

421 1877 628 1948 οὐδὲν
658 1885 902 1966 γεγῶσι
929 1886 1161 1966 βίοτον
1189 1876 1511 1966 ώγκωσας
1539 1882 1769 1966 μέγαν.
2108 1894 2209 1949 320

421 1979 696 2051 εὔκλεια
734 1977 800 2047 δ’
832 1975 933 2058 οἷς
959 1977 1084 2065 μὲν
1111 1977 1236 2048 ἐστ’
1272 1977 1597 2065 ἀληθείας
1629 1977 1787 2064 ἄπο,

419 2080 864 2170 εὐδαιμονίζω
885 2105 898 2117 ·
941 2079 1102 2162 τοὺς
1129 2078 1196 2149 δ’
1228 2079 1364 2151 ἀπὸ
1400 2087 1679 2162 ψευδῶν
1709 2088 1887 2169 ἔχειν

417 2183 544 2255 ούκ
573 2181 835 2267 ἀξιώσω
875 2181 1052 2270 πλὴν
1092 2181 1256 2251 ὅσον
1293 2187 1519 2250 δοκεῖν
1555 2183 1785 2271 μόνον.

419 2287 505 2357 σὺ
534 2287 620 2376 δὴ
647 2293 1041 2374 στρατηγῶν
1068 2285 1350 2374 λογάσιν
1377 2283 1715 2374 Ἑλλήνων
1743 2287 1905 2357 ποτὲ

426 2397 675 2480 Τροίαν
704 2387 992 2477 ἀφείλου
1017 2396 1366 2478 Πρίαμον,
1408 2380 1543 2459 ῶδε
1574 2397 1837 2478 φαῦλος
1867 2386 2001 2471 ῶνς
2106 2405 2207 2458 325

420 2488 598 2574 ὅστις
625 2489 969 2582 θυγατρὸς
997 2488 1392 2570 ἀντίπαιδος
1419 2495 1492 2559 ἐκ
1521 2492 1746 2578 λόγων

420 2591 690 2664 τοσόνδ’
724 2601 1058 2673 ἔπνευσας
1085 2594 1198 2661 καὶ
1229 2595 1509 2678 γυναικὶ
1536 2598 1863 2678 δυστυχεῖ

421 2696 631 2786 δούλῃ
658 2700 976 2784 κατέστης
1006 2701 1100 2774 εἰς
1128 2690 1329 2781 ἀγῶν’
1352 2715 1367 2729 ·
1415 2691 1541 2762 ούκ
1571 2690 1733 2775 ἀξιῶ

420 2794 553 2868 οὔτ’
587 2789 715 2866 οὖν
743 2799 817 2867 σὲ
856 2805 1098 2888 Τροίας
1127 2793 1287 2865 οὔτε
1314 2803 1442 2864 σοῦ
1480 2803 1728 2887 Τροίαν
1758 2803 1876 2866 ἔτι.

430 2902 709 2984 [ἔξωθέν
738 2907 911 2969 εἰσιν
939 2905 1012 2968 οί
1033 2906 1396 2978 δοκοῦντες
1426 2889 1507 2968 εὖ
1534 2915 1820 2987 φρονεῖν
2105 2913 2210 2967 330

423 3010 748 3090 λαμπροί,
779 3001 860 3071 τὰ
888 3000 954 3072 δ’
990 3007 1190 3071 ἔνδον
1217 3007 1423 3070 πᾶσιν
1456 2997 1849 3090 ἀνθρώποις
1884 3011 2039 3086 ἴσοι,

423 3101 599 3192 πλὴν
630 3115 698 3173 εἴ
717 3132 780 3174 τι
806 3105 1108 3196 πλούτῳ·
1181 3110 1381 3172 τοῦτο
1417 3100 1482 3172 δ’
1519 3104 1735 3191 ἰσχύει
1762 3106 1977 3192 μέγα]

422 3209 770 3292 Μενέλαε,
801 3211 967 3295 φέρε
998 3205 1080 3294 δὴ
1114 3204 1628 3298 διαπεράνωμεν
1657 3206 1937 3294 λόγους·

421 3311 720 3397 τέθνηκα
745 3317 826 3399 τῇ
856 3316 940 3398 σῇ
969 3310 1266 3397 θυγατρὶ
1293 3315 1417 3376 καί
1435 3306 1495 3396 μ’
1528 3305 1834 3377 ἀπώλεσε
1852 3332 1865 3344 ·

422 3411 788 3499 μιαιφόνον
814 3411 940 3501 μὲν
968 3407 1179 3480 οὐκέτ’
1210 3407 1296 3479 ἂν
1323 3408 1534 3498 φύγοι
1568 3411 1798 3498 μύσος,
2108 3422 2210 3474 335

422 3516 496 3581 έν
521 3529 659 3593 τοῖς
687 3514 761 3584 δὲ
789 3523 1058 3592 πολλοῖς
1085 3514 1198 3581 καὶ
1227 3512 1315 3583 σύ
1343 3510 1528 3581 τόνδ’
1564 3509 1845 3599 ἀγωνιεῖ
