2492 3900
901 176 1453 235 ΑΝΔΡΟΜΑΧΗ
2104 169 2185 233 83

415 348 569 430 ἔστη
604 356 923 431 φαεννοτς
956 340 1281 427 δεσπότης
1308 346 1600 428 στίλβων
1630 336 1881 426 ὅπλοις,

291 448 300 455 ”
411 445 572 533 πρὶν
601 443 685 530 δή
710 470 810 523 τις
839 439 1107 511 ἀδύτων
1135 444 1207 509 ἐκ
1235 443 1459 528 μέσων
1486 443 1855 530 ἐφθέγξατο

183 2373 320 2434 ΧΟ.

175 3078 327 3140 ΠΗ.

413 544 643 615 δεινόν
664 572 737 616 τε
759 546 873 613 καὶ
902 548 1257 632 φρικῶδες,
1290 532 1464 631 ὦρσε
1493 543 1569 612 δὲ
1596 542 1882 634 στρατὸν

413 648 700 735 στρέψας
724 644 894 734 πρὸς
921 642 1154 732 ἀλκήν.
1201 639 1343 714 ἔνθ’
1368 640 1713 731 Ἀχιλλέως
1738 651 1957 713 πίτνει

409 760 564 827 παῖς
590 743 943 839 ὀξυθήκτῳ
975 749 1235 835 πλευρὰ
1266 744 1591 837 φασγάνῳ
1618 748 1850 825 τυπεὶς
2052 764 2185 816 1150

411 854 692 935 Δελφοῦ
720 848 887 937 πρὸς
913 844 1182 937 ἀνδρός,
1211 843 1421 938 ὅσπερ
1450 842 1659 916 αὐτὸν
1690 843 1898 917 ὤλεσε

409 955 678 1019 πολλῶν
702 946 834 1037 μετ’
869 946 1122 1018 ἄλλων·
1161 944 1253 1027 ὥς
1278 948 1355 1017 δὲ
1387 946 1554 1037 πρὸς
1582 963 1783 1036 γαῖαν
1807 955 2046 1036 πίτνει,

409 1057 508 1129 τίς
534 1047 618 1120 οὐ
642 1055 925 1140 σίδηρον
953 1051 1355 1139 προσφέρει,
1383 1054 1481 1129 τίς
1509 1045 1591 1119 οὐ
1618 1052 1881 1140 πέτρον,

411 1152 680 1239 βάλλων
706 1149 1053 1243 ἀράσσων;
1087 1156 1223 1220 πᾶν
1251 1148 1317 1220 δ’
1352 1147 1687 1220 ἀνάλωται
1716 1154 1917 1239 δέμας

409 1251 484 1322 τὸ
513 1260 979 1343 καλλίμορφον
1005 1253 1404 1344 τραυμάτων
1435 1247 1544 1322 ὑπ’
1578 1248 1852 1342 ἀγρίων.
2051 1269 2183 1322 1165

409 1353 654 1443 νεκρὸν
681 1355 758 1424 δὲ
786 1355 871 1444 δή
897 1382 1011 1424 νιν
1036 1362 1350 1442 κείμενον
1377 1360 1611 1442 βωμοῦ
1640 1356 1841 1435 πέλας

412 1458 723 1544 ἐξέβαλον
749 1456 936 1537 ἐκτὸς
961 1455 1325 1527 θυοδόκων
1352 1452 1763 1543 ἀνακτόρων.

410 1553 596 1644 ἡμεῖς
625 1555 689 1626 δ’
724 1554 1227 1647 ἀναρπάσαντες
1256 1553 1344 1639 ὥς
1369 1557 1562 1645 τάχος
1589 1572 1819 1647 χεροῖν

409 1661 762 1748 κομίζομέν
788 1687 902 1729 νιν
927 1661 1034 1729 σοὶ
1061 1662 1464 1747 κατοιμῶξαι
1490 1657 1675 1746 γόοις

408 1766 704 1829 κλαῦσαί
723 1787 828 1847 τε,
859 1763 1154 1849 πρέσβυ,
1184 1767 1307 1848 γῆς
1333 1787 1406 1830 τε
1432 1767 1761 1847 κοσμῆσαι
1790 1761 2001 1851 τάφῳ.
2052 1776 2183 1829 1160

409 1858 668 1929 τοιαῦθ’
699 1857 737 1928 ὁ
766 1876 903 1939 τοῖς
931 1857 1190 1929 ἄλλοισι
1217 1868 1559 1945 θεσπίζων
1587 1858 1773 1949 ἅναξ,

407 1958 444 2029 ὁ
473 1968 610 2029 τῶν
638 1966 925 2029 δικαίων
954 1969 1162 2030 πᾶσιν
1186 1959 1577 2049 ἀνθρώποις
1604 1963 1855 2050 κριτής,

414 2067 606 2141 δίκας
634 2059 909 2131 διδόντα
935 2058 1122 2131 παῖδ’
1157 2058 1386 2151 ἔδρασ’
1412 2058 1776 2149 Ἀχιλλέως.

406 2159 862 2250 ἐμνημόνευσε
892 2158 964 2230 δ’
1009 2159 1231 2252 ὥσπερ
1262 2159 1625 2253 ἅνθρωπος
1652 2162 1855 2244 κακὸς

406 2262 656 2333 παλαιὰ
681 2271 875 2351 νείκη
896 2286 911 2300 ·
943 2271 1084 2344 πῶς
1111 2260 1198 2334 ἂν
1224 2256 1353 2335 οὖν
1384 2274 1485 2360 εἴη
1514 2265 1762 2353 σοφός;
2051 2283 2183 2338 1165

403 2367 516 2434 καὶ
539 2364 676 2453 μὴν
705 2360 812 2435 ὅδ’
845 2362 1009 2447 ἅναξ
1035 2362 1166 2453 ήδη
1196 2366 1507 2456 φοράδην

407 2471 748 2553 Δελφίδος
774 2470 847 2536 ἐκ
871 2474 992 2555 γῆς
1021 2472 1210 2556 δῶμα
1241 2467 1521 2552 πελάζει.

405 2567 672 2654 τλήμων
701 2564 738 2637 ὁ
765 2566 1032 2655 παθών,
1061 2567 1329 2656 τλήμων
1358 2568 1433 2637 δὲ
1458 2572 1659 2657 γέρον

403 2669 516 2736 καὶ
542 2669 658 2737 σύ·
709 2671 884 2757 δέχει
911 2667 1041 2758 γὰρ
1067 2668 1186 2738 τὸν
1215 2666 1579 2756 Ἀχίλλειον

406 2769 707 2857 σκύμνον
733 2774 800 2851 ἐς
827 2780 1086 2857 οἴκους,
1117 2768 1240 2859 οὐχ
1270 2767 1360 2852 ὥς
1387 2769 1474 2840 σύ
1501 2773 1753 2850 θέλεις·
2047 2787 2181 2841 1170

406 2867 608 2951 αὐτός
633 2898 706 2940 τε
730 2886 961 2951 κακοῖς
989 2871 1244 2961 πήμασι
1292 2871 1325 2909 *
1354 2871 1388 2908 '⁸‘

403 2977 498 3052 είς
525 2976 602 3041 ἓν
629 2979 865 3062 μοίρας
890 2975 1330 3062 συνέκυρσας.

403 3069 568 3161 ὤμοι
597 3073 763 3162 ἐγώ,
791 3072 1003 3143 κακὸν
1031 3069 1174 3143 οἶον
1203 3073 1342 3165 ὁρῶ
1370 3076 1489 3145 τόδ
1494 3103 1525 3144 ε
1905 3098 2044 3158 στρ.

399 3177 514 3243 καὶ
541 3179 811 3263 δέχομαι
839 3177 986 3265 χερὶ
1013 3175 1274 3263 διόμασί
1305 3174 1353 3242 τ’
1397 3172 1606 3260 ἀμοῖς.

404 3275 485 3344 cod
511 3283 634 3364 μοί
652 3304 786 3364 μοι,
817 3282 979 3363 αἰαῖ,
2039 3295 2172 3350 1175

399 3367 456 3445 αἶ
480 3378 637 3447 πόλι
666 3385 1033 3465 Θεσσαλία,
1065 3379 1502 3468 διολώλαμεν,

728 3495 954 3552 1173-
977 3494 1598 3553 1183=1186-1196
1774 3579 1862 3640 6*
