2492 3900
127 333 279 395 XO.

139 536 269 597 ΤΡ.

899 156 1411 217 ΙΠΠΟΛΥΤΟΣ
2030 155 2159 219 429

371 334 508 415 φεῦ
538 332 703 414 φεῦ·
735 323 809 395 τὸ
841 333 1121 413 σῶφρον
1149 322 1238 406 ὥς
1266 322 1655 413 ἁπανταχοῦ
1682 330 1891 397 καλὸν

368 430 482 497 καὶ
510 428 714 510 δόξαν
741 424 995 515 ἐσθλὴν
1021 430 1098 497 ἐν
1123 435 1391 515 βροτοῖς
1417 434 1821 517 καρπίζεται.

372 525 704 614 δέσποιν’,
735 531 888 616 έμοί
913 556 1014 598 τοι
1035 527 1354 617 συμφορὰ
1381 530 1506 617 μὲν
1536 525 1781 619 ἀρτίως

368 627 412 717 ἡ
441 628 524 717 σὴ
553 632 842 718 παρέσχε
869 628 1100 699 δεινὸν
1127 633 1445 718 ἐξαίφνης
1474 630 1693 718 φόβον
1711 654 1724 669 ·

366 738 502 800 νῦν
535 728 602 800 δ’
639 735 1002 819 έννοοῦμαι
1031 740 1293 819 φαῦλος
1317 723 1517 802 οὖσα·
1548 727 1678 801 κάν
1718 741 1981 821 βροτοῖς
2048 752 2150 805 435

370 838 450 901 αί
468 832 788 922 δεύτεραί
815 859 956 913 πως
984 828 1341 921 φροντίδες
1374 833 1775 922 σοφώτεραι.

371 931 454 1002 ού
492 932 619 1022 γὰρ
648 932 971 1025 περισσὸν
999 932 1206 1003 οὐδὲν
1234 931 1389 1004 οὐδ’
1430 938 1553 1016 ἔξω
1580 935 1787 1022 λόγου

370 1038 746 1116 πέπονθας·
777 1032 974 1123 ὀργαὶ
1001 1032 1067 1104 δ’
1103 1043 1196 1117 είς
1223 1033 1289 1104 ο·’
1322 1038 1707 1123 ἐπέσκηψαν
1734 1044 1919 1117 θεᾶς.

368 1140 554 1227 ἐρᾷς·
583 1144 656 1206 τί
676 1143 872 1206 τοῦτο
900 1144 1169 1224 θαῦμα;
1198 1136 1331 1207 σὺν
1358 1146 1627 1218 πολλοῖς
1660 1145 1941 1227 βροτῶν.

365 1235 627 1307 κᾶπειτ’
661 1245 904 1327 ἔρωτος
938 1244 1161 1309 εἵνεκα
1203 1238 1429 1327 ψυχὴν
1457 1236 1667 1321 ὀλεῖς;
2045 1257 2150 1309 440

369 1337 455 1409 οὔ
483 1336 650 1426 τᾶρα
675 1339 824 1409 λύει
852 1355 990 1420 τοῖς
1016 1344 1220 1428 ἐρῶσι
1243 1348 1381 1409 τῶν
1407 1343 1608 1420 πέλας

367 1437 514 1510 ὅσοι
547 1468 617 1509 τε
651 1438 994 1528 μέλλουσ’,
1026 1448 1090 1511 εἰ
1110 1453 1356 1511 θανεῖν
1384 1438 1633 1540 αὐτοὺς
1658 1442 1905 1529 χρεών·

366 1544 632 1631 Κύπρις
659 1540 788 1630 γὰρ
818 1539 902 1611 ού
929 1544 1256 1632 φορητός,
1286 1539 1375 1631 ἢν
1400 1541 1611 1631 πολλὴ
1642 1546 1772 1632 ῥυῇ
1790 1566 1805 1581 ·

365 1639 412 1731 ἢ
437 1642 556 1712 τὸν
582 1644 708 1731 μὲν
738 1637 998 1714 εἰπόνθ’
1032 1642 1246 1734 ἡσυχῇ
1273 1648 1675 1733 μετέρχεται,

365 1740 449 1814 ὃν
476 1742 542 1814 δ’
577 1742 662 1813 ἂν
688 1745 1016 1834 περισσὸν
1036 1749 1151 1815 καὶ
1178 1744 1562 1833 φρονοῦνθ’
1600 1742 1767 1835 εὕρῃ
1795 1748 1983 1833 μέγα,
2040 1764 2143 1817 445

363 1853 603 1914 τοῦτον
630 1853 964 1933 λαβοῦσα,
996 1855 1135 1927 πῶς
1164 1853 1417 1929 δοκεϊς;
1447 1846 1885 1935 καθύβρισεν.

365 1954 568 2038 φοιτᾷ
605 1943 669 2016 δ’
709 1943 820 2017 ἄν’
854 1945 1106 2038 αἰθέρ’,
1138 1956 1275 2018 ἔστι
1305 1945 1371 2018 δ’
1405 1951 1480 2018 έν
1511 1957 1858 2040 θαλασσίῳ

363 2049 662 2118 κλύδωνι
689 2049 984 2138 Κύπρις,
1027 2051 1241 2120 πάντα
1269 2048 1334 2119 δ’
1367 2053 1439 2120 ἐκ
1466 2050 1709 2138 ταύτης
1737 2057 1901 2138 ἔφυ·

365 2147 479 2237 ἥδ’
514 2153 696 2220 ἐστὶν
722 2147 762 2238 ἡ
799 2157 1168 2240 σπείρουσα
1199 2154 1312 2221 καὶ
1342 2149 1609 2222 διδοῦσ’
1646 2158 1822 2241 ἔρον,

365 2243 451 2320 οὗ
479 2252 722 2332 πάντες
755 2252 952 2339 ἐσμὲν
977 2259 1050 2322 oc
1075 2251 1243 2323 κατὰ
1269 2250 1467 2340 χθόν’
1502 2261 1785 2340 ἔκγονοι.
2040 2272 2145 2324 450

361 2348 512 2422 ὅσοι
535 2353 660 2440 μὲν
686 2344 812 2422 οὖν
839 2356 1100 2444 γραφάς
1127 2383 1198 2424 τε
1227 2363 1363 2424 τῶν
1391 2358 1809 2444 παλαιτέρων

365 2460 635 2541 ἔχουσιν
661 2451 864 2524 αὐτοί
883 2452 940 2522 τ’
977 2457 1148 2525 εἰσὶν
1176 2461 1252 2524 ἐν
1278 2457 1560 2544 μούσαις
1586 2455 1715 2541 ἀεί,

362 2564 545 2624 ἴσασι
570 2557 695 2644 μὲν
720 2555 891 2635 Ζεύς
926 2553 1016 2636 ὥς
1042 2554 1191 2625 ποτ’
1223 2553 1492 2645 ἠράσθη
1520 2553 1753 2645 γάμων

362 2658 694 2745 Σεμέλης,
724 2667 902 2726 ἴσασι
936 2655 1000 2726 δ’
1041 2655 1132 2737 ὡς
1163 2655 1551 2745 ἀνήρπασέν
1576 2684 1735 2727 ποτε

359 2755 404 2846 ἡ
432 2756 881 2845 καλλιφεγγὴς
915 2762 1234 2846 Κέφαλον
1266 2767 1359 2840 είς
1380 2757 1592 2840 θεοὺς
1607 2755 1775 2840 Ἕως
2037 2777 2140 2831 455

363 2866 608 2948 ἔρωτος
650 2856 892 2928 εἵνεκ’·
941 2858 1086 2931 ἀλλ’
1124 2858 1303 2949 ὅμως
1331 2865 1405 2931 έν
1432 2859 1701 2953 οὐρανῷ
2004 2901 2009 2905 -

362 2967 634 3030 ναίουσι
664 2959 788 3030 κού
818 2962 1193 3050 φεύγουσιν
1219 2961 1529 3032 ἐκποδὼν
1553 2963 1784 3051 θεούς,

359 3063 719 3150 στέργουσι
746 3058 838 3149 δ’,
866 3062 1082 3151 οἶμαι,
1111 3072 1429 3156 συμφορᾷ
1454 3065 1833 3152 νικώμενοι.

359 3162 450 3231 σὺ
479 3161 544 3231 δ’
577 3160 705 3232 οὐκ
735 3161 986 3248 ἄνέξει;
1014 3172 1184 3253 χρῆν
1215 3163 1281 3234 σ’
1315 3169 1425 3234 ἐπὶ
1451 3169 1670 3255 ῥητοῖς
1696 3164 1826 3254 ἄρα

358 3267 613 3353 πατέρα
643 3266 966 3353 φυτεύειν
991 3263 1035 3354 ἢ
1062 3265 1163 3335 ’πὶ
1191 3266 1540 3348 δεσπόταις
1566 3279 1757 3348 θεοῖς
2034 3283 2141 3336 460

362 3363 699 3455 ἄλλοισιν,
731 3374 793 3436 εἰ
816 3366 904 3455 μὴ
934 3367 1176 3438 τούσδε
1203 3397 1282 3458 γε
1308 3371 1595 3457 στέρξεις
1621 3368 1886 3456 νόμους.

357 3467 612 3549 πόσους
644 3475 863 3550 δοκεῖς
889 3468 973 3558 δὴ
1001 3467 1189 3559 κάρτ’
1224 3478 1493 3557 ἔχοντας
1519 3461 1597 3540 εὖ
1631 3478 1911 3554 φρενῶν
