2492 3900
315 133 440 198 218
1182 136 1492 196 ΕΛΕΝΗ

312 315 473 376 ΜΕ.
544 307 660 375 καὶ
685 302 819 392 μὴν
846 303 1092 393 ἐάνπερ
1120 310 1299 373 ναῦν
1326 300 1431 373 ἐπ’
1465 300 1764 393 ἀγκύρας
1788 302 1997 394 λάβω,

546 403 719 497 ἀνὴρ
749 402 910 495 παρ’
945 402 1162 495 ἄνδρα
1187 404 1494 493 στήσεται
1521 406 1912 496 ξιφηφόρος.

310 516 452 579 ΕΛ.
546 509 624 578 σὲ
652 506 781 598 χρὴ
808 507 1172 598 βραβεύειν
1198 507 1417 577 πάντα
1433 529 1448 543 ·
1492 507 1816 596 πόμπιμοι
1844 508 2056 596 μόνον

544 617 775 699 λαίφει
810 613 1011 681 πνοαὶ
1040 613 1346 697 γένοιντο
1373 611 1488 679 καὶ
1521 608 1694 690 νεῶς
1720 610 1985 700 δρόμος.

312 720 472 782 ΜΕ.
546 719 761 783 ἔσται·
791 712 1043 792 πόνους
1071 709 1201 800 γὰρ
1230 718 1548 801 δαίμονες
1572 711 1918 783 παύσουσί
1935 739 2088 801 μου.
2191 729 2328 784 1075

546 812 713 904 ἀτὰρ
744 813 1047 884 θανόντα
1074 820 1198 883 τοῦ
1225 810 1299 902 μ’
1335 817 1508 905 ἐρεῖς
1535 814 1967 902 πεπυσμένης

312 923 451 986 ΕΛ.
544 922 672 985 σοῦ
692 938 708 953 ·
739 916 853 985 καὶ
879 915 1081 1004 μόνος
1107 943 1185 1003 γε
1213 915 1433 1003 φάσκε
1461 921 1827 1005 διαφυγεῖν
1853 916 2066 1006 μόρον

536 1014 815 1108 Ἀτρέως
840 1019 1065 1087 πλέων
1091 1016 1223 1087 σὺν
1251 1020 1440 1087 παιδὶ
1469 1021 1583 1087 καὶ
1609 1014 1906 1087 θανόνθ’
1941 1014 2145 1107 ὁρῶν.

306 1127 467 1187 ΜΕ.
540 1122 652 1188 καὶ
677 1118 813 1208 μὴν
838 1116 989 1189 τάδ’
1023 1115 1494 1208 ἀμφίβληστρα
1525 1118 1826 1206 σώματος
1853 1119 2020 1207 ῥάκη

540 1221 1083 1313 ξυμμαρτυρήσει
1107 1229 1450 1291 ναυτικῶν
1481 1223 1816 1310 ἐρειπίων.
2189 1239 2336 1293 1080

299 1329 447 1389 ΕΛ.
545 1329 638 1404 εἰς
665 1322 906 1413 καιρὸν
931 1315 1138 1412 ἦλθε,
1169 1323 1319 1393 τότε
1349 1320 1412 1393 δ’
1446 1319 1671 1412 ἄκαιρ’
1705 1319 2087 1392 ἀπώλλυτο·

539 1423 613 1494 τὸ
644 1422 709 1494 δ’
743 1422 991 1494 ἄθλιον
1018 1422 1191 1495 κεῖν’
1226 1422 1502 1513 εύτυχὲς
1527 1421 1672 1512 τάχ’
1709 1420 1796 1495 ἂν
1823 1426 2033 1494 πέσοι.

304 1532 467 1594 ΜΕ.
539 1526 788 1615 πότερα
817 1524 885 1594 δ’
915 1530 982 1606 ἐς
1009 1536 1235 1610 οἴκους
1263 1529 1371 1598 σοὶ
1405 1535 1876 1597 συνεισελθεῖν
1901 1553 1984 1613 με
2011 1526 2138 1616 χρὴ

536 1623 581 1716 ἢ
609 1627 777 1719 πρὸς
804 1628 995 1720 τάφῳ
1028 1625 1191 1721 τῷδ’
1221 1626 1459 1717 ἥσυχοι
1491 1628 1898 1717 καθῶμεθας
2347 1682 2358 1688 -

302 1736 443 1798 EA.
536 1727 749 1799 αὐτοῦ
781 1727 955 1817 μέν’·
992 1725 1079 1819 ἢν
1103 1729 1232 1819 γὰρ
1267 1739 1388 1801 καί
1412 1761 1475 1801 τι
1503 1732 1878 1820 πλημμελές
1903 1751 1979 1800 σε
2007 1735 2159 1823 δρᾷ,
2191 1749 2331 1804 1085

538 1833 748 1921 τάφος
776 1827 842 1902 σ’
872 1828 979 1902 ὅδ’
1014 1828 1100 1902 ἂν
1127 1833 1404 1922 ῥύσαιτο
1435 1832 1786 1922 φάσγανόν
1812 1859 1884 1901 τε
1911 1832 2053 1902 σόν.

536 1933 665 2023 &rea
698 1931 760 2005 δ’
796 1938 863 2017 ἐς
889 1945 1117 2016 οἴκους
1144 1943 1319 2023 βᾶσα
1351 1935 1762 2025 βοστρύχους
1789 1941 1964 2023 τεμῶ

535 2041 810 2108 πέπλων
844 2066 916 2107 τε
943 2045 1207 2109 λευκῶν
1234 2041 1523 2131 μέλανας
1555 2036 2037 2125 ἀνταλλάξομαι

533 2146 794 2229 παρῇδί
814 2137 876 2208 τ’
910 2136 1119 2227 ὄνυχα
1149 2141 1396 2229 φόνιον
1424 2144 1688 2228 ἐμβαλῶ
1714 2138 1930 2228 χροός.

532 2242 740 2328 μέγας
766 2239 896 2330 γὰρ
926 2238 1144 2329 ἁγών,
1176 2244 1290 2311 καὶ
1318 2245 1544 2329 βλέπω
1575 2243 1700 2312 δύο
1733 2239 1970 2330 ῥοπάς·
2187 2260 2334 2315 1090

532 2336 579 2428 ἢ
606 2341 735 2430 γὰρ
763 2352 1011 2411 θανεῖν
1036 2349 1149 2413 δεῖ
1167 2340 1265 2430 μ’,
1295 2338 1381 2431 ἢν
1409 2340 1548 2413 ἁλῶ
1576 2346 1978 2432 τεχνωμένη,
2073 2386 2088 2395 =

530 2438 577 2530 ἦ
604 2450 896 2534 πατρίδα
922 2442 985 2513 τ’
1019 2448 1252 2515 ἐλθεῖν
1279 2448 1395 2515 καὶ
1421 2444 1545 2516 σὸν
1573 2450 1859 2515 ἐκσῶσαι
1886 2446 2110 2533 δέμας.

534 2536 590 2615 ῶ
617 2543 839 2617 πότνι’
872 2542 918 2636 ἢ
940 2555 1216 2618 Δίοισιν
1247 2552 1322 2618 έν
1352 2550 1650 2637 λέκτροις
1675 2556 1931 2627 πίτνεις

513 2644 720 2738 Ἥρα,
752 2647 867 2719 δύ’
898 2650 1141 2739 οίκτρῶ
1172 2646 1346 2739 φῶτ’
1381 2646 1728 2733 ἀνάψυξον
1757 2648 2008 2735 πόνων,

528 2749 882 2839 αἰτούμεθ’
918 2748 1133 2841 ὀρθὰς
1161 2750 1415 2833 ὠλένας
1444 2750 1610 2841 πρὸς
1639 2748 1937 2840 οὐρανὸν
2183 2769 2330 2823 1095

525 2850 872 2939 ῥίπτονθ’,
950 2850 1042 2922 ἵν’
1076 2860 1282 2934 οἰκεῖς
1308 2851 1611 2943 ἀστέρων
1637 2859 2061 2941 ποικίλματα.

530 2952 619 3022 σύ
644 2949 719 3021 θ’
753 2948 799 3041 ἢ
824 2951 924 3024 ’πὶ
951 2952 1149 3048 τώμῷ
1180 2960 1407 3048 κκῦδος
1449 2955 1704 3043 ἐκτήσω
1730 2956 1943 3047 γάμῳ,

527 3054 695 3144 κόρη
722 3056 997 3146 Διῶνης
1024 3059 1288 3150 Κύπρι,
1319 3058 1409 3147 μή
1440 3054 1513 3147 μ’
1549 3058 1887 3147 ἐξεργάσῃ.

526 3153 674 3236 ἅλις
703 3157 779 3227 δὲ
802 3160 1017 3249 λύμης
1044 3157 1133 3248 ’ἦν
1160 3159 1231 3249 μ’
1263 3160 1574 3250 ἐλυμήνω
1601 3161 1812 3249 πάρος

522 3254 840 3347 [τοῦνομα
867 3259 1308 3351 παρασχοῦσ’,
1343 3261 1426 3333 ού
1461 3260 1537 3331 τὸ
1567 3259 1764 3350 σῶμ’,
1796 3264 1871 3333 ἐν
1899 3260 2324 3352 βαρβάροις].

521 3370 767 3432 θανεῖν
794 3359 859 3431 δ’
893 3364 1093 3433 ἔασόν
1120 3362 1218 3453 μ’,
1254 3372 1318 3435 εἰ
1339 3378 1764 3435 κατακτεῖναι
1792 3365 2040 3451 θέλεις,
2180 3381 2321 3435 1101

520 3464 596 3530 έν
622 3471 709 3552 γῇ
736 3465 1029 3558 πατρῴᾳ.
1060 3473 1131 3535 τί
1161 3464 1310 3536 ποτ’
1345 3464 1674 3553 ἄπληστος
1703 3464 1768 3534 εἴ
1789 3472 2040 3553 κακῶν,
