2492 3900
72 20 371 128 v
1006 133 1338 195 BAKXAI
2063 128 2187 198 127
2256 8 2483 237 N

409 304 615 393 κόρας
647 297 1014 388 ἑλίσσουσ’,
1045 298 1128 371 ού
1159 297 1495 390 φρονοῦσ’
1531 298 1575 370 ἃ
1598 300 1725 391 χρὴ
1754 319 2059 393 φρονεῖν,

405 410 480 477 ἐκ
506 411 805 493 Βακχίου
832 400 1170 491 κατείχετ’,
1199 399 1352 472 οὐδ’
1384 406 1623 473 ἔπειθέ
1644 431 1777 475 νιν.

404 515 709 597 λαβοῦσα
735 502 805 577 δ’
839 501 1119 586 ὠλέναις
1147 502 1511 594 ἀριστερὰν
1535 508 1719 596 χέρα,
2056 525 2189 579 1125

405 619 808 698 πλευραῖσιν
835 604 1162 695 ἀντιβᾶσα
1189 614 1315 677 τοῦ
1343 613 1793 699 δυσδαίμονος

409 710 878 801 ἀπεσπάραξεν
907 700 1128 797 ὦμον,
1160 705 1287 798 οὐχ
1312 706 1449 779 ὑπὸ
1475 713 1789 798 σθένους,

409 811 546 884 ἀλλ’
580 810 616 883 ὁ
643 810 809 894 θεὸς
839 809 1209 903 εὐμάρειαν
1235 816 1557 883 ἐπεδίδου
1578 828 1827 904 χεροῖν.

393 914 540 986 ’1νώ
579 916 655 985 δὲ
682 912 842 985 τάπὶ
871 910 1097 1004 θάτερ’
1131 914 1539 1004 ἐξειργάζετο

411 1022 717 1108 ῥηγνῦσα
743 1016 1029 1106 σάρκας,
1051 1013 1375 1105 Ἀὐτονόη
1402 1013 1452 1085 τ’
1484 1012 1679 1103 ὄχλος
1706 1042 1779 1085 τε
1806 1024 1935 1099 πᾶς
2054 1034 2185 1088 1130

416 1124 634 1207 ἐπεῖχε
663 1125 978 1208 Βακχῶν·
1006 1109 1094 1206 ἦν
1129 1119 1206 1188 δὲ
1233 1115 1393 1189 πᾶσ’
1430 1113 1604 1206 ὁμοῦ
1631 1118 1793 1207 βοή,

400 1224 441 1294 ὃ
475 1222 599 1309 μὲν
626 1222 961 1306 στενάζων
986 1217 1153 1290 ὅσον
1180 1220 1549 1309 ἐτύγχανεν
1576 1223 1823 1307 πνέων,

408 1334 485 1396 αὶ*
506 1320 573 1393 δ’
603 1321 950 1414 ἠλάλαζον.
1005 1330 1208 1412 ἔφερε
1236 1319 1304 1392 δ’
1329 1318 1376 1414 ἢ
1405 1322 1531 1410 μὲν
1560 1318 1841 1410 ὠλένην,

403 1427 448 1516 ἣ
485 1423 551 1495 δ’
585 1436 771 1515 ἴχνος
797 1422 1036 1507 αὐταῖς
1061 1420 1418 1513 ἀρβύλαις·
1465 1432 1848 1512 γυμνοῦντο
1876 1424 1953 1494 δὲ

407 1531 696 1620 πλευραὶ
722 1542 1171 1618 σπαραγμοῖς·
1211 1534 1392 1598 πᾶσα
1418 1523 1487 1596 δ’
1520 1522 1920 1615 ᾑματωμένη
2052 1543 2186 1598 1135

406 1646 662 1720 χεῖρας,
694 1636 1108 1719 διεσφαίριζε
1134 1628 1352 1721 σάρκα
1377 1631 1722 1709 Πενθέως.

409 1747 623 1803 κεῖται
659 1733 736 1803 δὲ
769 1735 973 1822 χωρὶς
999 1739 1220 1820 σῶμα,
1252 1730 1327 1803 τὸ
1357 1732 1483 1820 μὲν
1511 1727 1645 1801 ὑπὸ
1681 1730 2006 1819 στύφλοις

407 1836 715 1925 πέτραις,
745 1832 820 1904 τὸ
850 1832 914 1904 δ’
946 1830 1114 1924 ὕλης
1141 1839 1215 1905 ἐν
1241 1832 1611 1925 βαθυξύλῳ
1642 1832 1846 1922 φόβῃ,

411 1933 495 2006 ού
524 1936 765 2030 ῥᾴδιον
789 1936 1070 2025 ζήτημα·
1111 1944 1321 2027 κρᾶτα
1350 1932 1417 2005 δ’
1460 1933 1729 2023 ἄθλιον,

411 2034 577 2128 ὅπερ
605 2045 908 2128 λαβοῦσα
931 2039 1249 2128 τυγχάνει
1279 2036 1495 2128 μήτηρ
1530 2053 1780 2128 χεροῖν,
2050 2052 2186 2108 1140

411 2139 652 2228 πήξασ’
673 2137 768 2213 ἐπ’
809 2137 1018 2232 ἀκρον
1052 2141 1321 2231 θύρσον
1349 2138 1439 2221 ὥς
1470 2137 1828 2231 ὀρεστέρου

415 2246 611 2331 φέρει
639 2246 908 2324 λέοντος
937 2241 1052 2313 διὰ
1077 2250 1515 2334 Κιθαιρῶνος
1542 2246 1776 2330 μέσου,

409 2342 681 2431 λιποῦσ’
715 2342 1012 2434 ἀδελφὰς
1041 2349 1116 2415 έν
1149 2361 1410 2436 χοροῖσι
1436 2344 1839 2415 Μαινάδων.

408 2462 615 2536 χωρεῖ
637 2447 714 2552 δὲ
739 2447 924 2540 θήρᾳ
960 2447 1323 2540 δυσπότμῳ
1350 2447 1781 2537 γαυρουμένη

413 2551 686 2636 τειχέων
715 2556 846 2618 ἔσω
873 2546 1106 2636 τῶνδ’,
1137 2546 1571 2620 ἀνακαλοῦσα
1598 2547 1892 2635 Βάκχιον
2045 2563 2181 2617 1145

411 2648 532 2719 τὸν
560 2651 1020 2739 ξυγκύναγον,
1049 2649 1169 2720 τὸν
1205 2648 1622 2740 ξυνεργάτην
1650 2645 1861 2739 ἄγρας

413 2751 532 2821 τὸν
557 2760 982 2840 καλλίνικον,
1011 2743 1057 2842 ᾗ
1085 2753 1349 2843 δάκρυα
1374 2767 1754 2842 νικηφορεῖ.

411 2851 542 2942 ε’γώ
572 2854 696 2942 μὲν
723 2845 852 2924 οὖν
879 2852 1030 2944 τῇδ’
1063 2853 1372 2926 ἐκποδών
1398 2862 1481 2946 τῇ
1508 2861 1821 2945 ξυμφορᾷ

414 2953 659 3044 ἄπειμ’,
681 2953 974 3045 Ἀγαύην
1003 2959 1166 3047 πρὶν
1194 2966 1431 3046 μολεῖν
1460 2956 1628 3048 πρὸς
1655 2955 1949 3043 δώματα.

411 3057 486 3126 τὸ
514 3074 900 3148 σωφρονεῖν
931 3060 1007 3129 δὲ
1034 3062 1148 3128 καὶ
1174 3061 1402 3147 σέβειν
1436 3058 1518 3128 τὰ
1547 3065 1686 3127 τῶν
1710 3065 1899 3127 θεῶν
2052 3073 2191 3126 1150

414 3159 803 3231 κάλλιστον·
836 3159 1017 3248 οἶμαι
1047 3157 1115 3229 δ’
1151 3158 1317 3231 αὐτὸ
1345 3163 1458 3230 καὶ
1491 3159 1888 3248 σοφώτατον

416 3272 774 3350 θνητοῖσιν
801 3261 974 3332 εἶναι
1005 3269 1222 3351 κτῆμα
1247 3277 1423 3332 τοῖσι
1449 3264 1834 3353 χρωμένοις.

185 3371 324 3432 XO.
415 3360 979 3453 ἀναχορεύσωμεν
1004 3364 1317 3453 Βάκχιον,

411 3463 902 3555 ἀναβοάσωμεν
928 3466 1285 3557 ξυμφορὰν
