2492 3900
1049 185 1356 243 EAENH
1833 135 1844 148 ’
2072 183 2191 248 185

412 347 653 420 Ἰδαῖον
682 354 775 428 είς
805 345 1141 436 κευθμῶν’
1166 345 1601 439 Ἀλέξανδρον
1629 351 1827 439 πάρα,

401 447 576 540 ’Ἡρα
604 449 867 537 Κύπρις
900 477 972 518 τε
998 451 1331 537 Διογενής
1363 477 1433 519 τε
1461 455 1820 541 παρθένος,
2127 473 2193 524 25

419 558 684 642 μορφῆς
712 554 1036 620 θέλουσαι
1069 552 1603 640 διαπεράνασθαι
1632 559 1874 641 κρίσιν.

416 651 670 742 τούμὸν
698 652 774 721 δὲ
800 652 1075 740 κάλλος,
1108 659 1171 722 εί
1191 650 1403 722 καλὸν
1430 653 1504 722 τὸ
1535 658 1876 742 δυστυχές,

415 756 682 845 Κύπρις
706 750 1092 842 προτείνασ’
1127 750 1215 834 ῶς
1238 751 1665 842 Ἀλέξανδρος
1695 772 1911 844 γαμεῖ,

418 865 608 947 νικᾷ·
650 852 866 924 λιπῶν
897 853 971 924 δὲ
1005 851 1372 944 βούσταθμ’
1413 852 1644 936 Ἰδαῖος
1673 858 1890 946 Πάρις

416 958 742 1047 Σπάρτην
773 953 1041 1042 ἀφίκεθ’
1077 954 1166 1037 ὥς
1198 956 1361 1044 ἐμὸν
1387 957 1650 1045 σχήσων
1679 962 1881 1045 λέχος.
2125 979 2194 1032 30

400 1054 572 1148 ’Ἡρα
605 1058 680 1128 δὲ
706 1055 1073 1145 μεμφθεῖσ’
1111 1054 1331 1127 οὕνεκ’
1363 1056 1448 1127 ού
1475 1066 1634 1150 νικᾷ
1667 1060 1853 1146 θεάς,

418 1161 785 1248 ἐξηνέμωσε
814 1155 954 1247 ταμ’
992 1157 1404 1252 Ἀλεξάνδρῳ
1435 1161 1612 1248 λέχη,

422 1265 661 1331 δίδωσι
691 1257 758 1331 δ’
791 1257 918 1329 οὐκ
951 1257 1042 1348 ἔμ’
1050 1312 1069 1348 ,
1099 1257 1247 1330 ἀλλ’
1284 1257 1646 1348 ὁμοιῶσασ’
1680 1265 1826 1349 ἐμοὶ

423 1368 705 1432 εἴδωλον
732 1368 1032 1449 ἔμπνουν
1057 1360 1360 1451 ούρανοῦ
1387 1360 1690 1444 ξυνθεῖσ’
1725 1391 1875 1451 απο,

413 1464 730 1552 Πριάμου
758 1463 1099 1553 τυράννου
1128 1468 1328 1534 παιδί
1340 1486 1354 1501 ·
1393 1465 1505 1533 καὶ
1535 1470 1726 1534 δοκεῖ
1748 1461 1807 1553 μ’
1845 1471 2020 1553 ἔχειν
2123 1484 2191 1537 35

416 1563 623 1652 κενὴν
651 1565 965 1653 δόκησιν,
995 1561 1121 1635 οὐκ
1149 1572 1339 1653 ἔχων.
1402 1562 1484 1634 τὰ
1512 1563 1578 1635 δ’
1615 1557 1705 1635 αύ
1734 1565 1904 1648 Διὸς

415 1665 811 1756 βουλεύματ’
845 1664 1013 1736 ἄλλα
1038 1672 1262 1736 τοῖσδε
1288 1675 1645 1755 συμβαίνει
1670 1683 1901 1749 κακοῖς
1917 1692 1930 1706 ·

417 1768 711 1856 πόλεμον
742 1766 869 1858 γὰρ
901 1765 1288 1856 εἰσήνεγκεν
1310 1765 1646 1857 Ἑλλήνων
1675 1771 1877 1857 χθονὶ

418 1871 532 1938 καὶ
561 1872 777 1961 Φρυξὶ
807 1870 1241 1959 δυστήνοισιν
1261 1922 1280 1959 ,
1311 1866 1401 1951 ὥς
1427 1867 1629 1958 ὄχλου
1661 1879 1923 1961 βροτῶν

416 1971 721 2061 πλήθους
748 2000 821 2042 τε
847 1979 1198 2061 κουφίσειε
1222 1974 1473 2061 μητέρα
1499 1973 1718 2059 χθόνα
2122 1991 2192 2044 40

417 2072 680 2161 γνωτόν
706 2101 777 2143 τε
802 2078 961 2162 θείη
993 2072 1113 2143 τὸν
1144 2073 1506 2163 κράτιστον
1524 2071 1854 2155 Ἑλλάδος.

420 2181 717 2263 Φρυγῶν
742 2172 808 2244 δ’
842 2177 906 2255 ἐς
935 2171 1148 2262 ἀλκὴν
1173 2178 1562 2264 προυτέθην
1591 2172 1720 2264 ἐγῶ
1748 2175 1872 2262 μὲν
1900 2172 2006 2263 οὔ,

419 2272 493 2344 τὸ
520 2272 588 2345 δ’
621 2273 832 2365 ὄνομα
861 2271 1145 2364 τούμόν,
1176 2267 1396 2346 ἆθλον
1408 2272 1720 2365 Ἕλλησιν
1753 2279 1971 2367 δορός.

414 2376 643 2467 λαβὼν
671 2380 753 2447 δέ
774 2374 833 2465 μ’
857 2374 1093 2467 Ἑρμῆς
1120 2380 1195 2446 ἐν
1220 2394 1578 2466 πτυχαῖσιν
1605 2380 1878 2469 αἰθέρος

418 2481 671 2569 νεφέλῃ
696 2479 1035 2565 καλύψας,
1065 2476 1149 2549 ού
1176 2478 1308 2569 γὰρ
1337 2476 1629 2568 ἠμέλησέ
1649 2507 1782 2567 μου
2124 2498 2190 2549 45

418 2581 617 2668 Ζεύς,
650 2578 835 2650 τόνδ’
870 2584 935 2662 ἐς
966 2580 1154 2649 οἷκον
1180 2582 1510 2670 Πρωτέως
1545 2581 1884 2670 ίδρύσατο,

417 2681 688 2749 πάντων
716 2688 1081 2771 προκρίνας
1108 2685 1664 2770 σωφρονέστατον
1691 2688 1974 2771 βροτῶν,

417 2777 731 2871 ἀκέραιον
760 2779 850 2863 ῶς
893 2780 1131 2855 σώσειε
1186 2787 1512 2852 Μενέλεω
1541 2786 1744 2871 λέχος.

415 2880 599 2972 κάγῶ
628 2884 753 2971 μὲν
780 2881 1021 2953 ἐνθάδ’
1055 2881 1201 2972 εἴμ’,
1236 2882 1274 2954 ὁ
1305 2881 1370 2953 δ’
1404 2882 1640 2967 ἅθλιος
1668 2886 1859 2966 πόσις

418 2982 764 3073 στράτευμ’
799 2982 1126 3074 ἀθροίσας
1155 2984 1270 3067 τὰς
1299 2985 1458 3074 ἐμὰς
1486 2984 1876 3077 ἀναρπαγὰς
2122 3002 2191 3055 50

415 3093 602 3177 θηρᾷ
629 3090 991 3177 πορευθεὶς
1011 3085 1206 3156 Ἰλίου
1233 3088 1665 3177 πυργῶματα.

416 3189 626 3274 ψυχαὶ
658 3188 733 3258 δὲ
760 3192 1000 3259 πολλαὶ
1029 3187 1111 3258 δι’
1146 3187 1237 3277 ἔμ’
1271 3191 1380 3259 ἐπὶ
1407 3195 1910 3280 Σκαμανδρίοις

421 3290 687 3376 ῥοαῖσιν
717 3296 970 3361 ἔθανον
990 3314 1003 3328 ·
1047 3288 1089 3380 ἡ
1119 3291 1195 3361 δὲ
1222 3291 1440 3362 πάντα
1467 3289 1654 3361 τλᾶσ’
1689 3290 1818 3380 ἐγώ

422 3390 789 3480 κατάρατός
820 3399 953 3480 εἰμι
981 3395 1095 3462 καὶ
1122 3398 1302 3462 δοκῶ
1330 3391 1651 3483 προδοῦσ’
1687 3391 1847 3481 ἐμὰν

419 3490 621 3561 πόσιν
648 3494 945 3575 συνάψαι
973 3492 1588 3584 πόλεμονἝλλησιν
1616 3497 1844 3582 μέγαν,
2125 3510 2189 3560 55
