2492 3900
361 168 442 229 92

2304 19 2404 41 W*-

2124 17 2225 102 a!

1163 170 1479 227 ΒΑΚΧΑΙ

596 338 889 424 τελετάς,
919 336 1013 407 ἵν’
1035 347 1180 427 εἴην
1210 336 1511 426 ἐμφανὴς
1542 343 1804 423 δαίμων
1830 344 2113 425 βροτοῖς.
2172 369 2181 377 ·

595 439 860 525 πρώτας
889 439 964 508 δὲ
992 439 1218 527 Θήβας
1245 444 1449 525 τῆσδε
1475 445 1595 527 γῆς
1614 434 1997 525 Ἑλληνίδος

599 538 1024 627 ἀνωλόλυξα,
1056 537 1318 629 νεβρίδ’
1352 541 1593 622 ἐξάψας
1620 538 1817 628 χροὸς

596 642 862 730 θύρσον
889 668 961 710 τε
990 640 1150 722 δοὺς
1181 646 1276 720 είς
1303 656 1525 731 χεῖρα,
1557 647 1863 709 κίσσινον
1891 643 2105 730 βέλος,
2316 664 2388 715 25

597 746 749 811 ἐπεί
769 740 828 831 μ’
864 739 1153 829 ἀδελφαὶ
1177 739 1463 831 μητρός,
1493 738 1571 822 ἃς
1598 737 1804 831 ἥκιστ’
1839 744 2061 834 ἐχρῆν,

593 844 939 913 Διόνυσον
969 842 1095 913 οῦκ
1123 850 1425 931 ἔφασκον
1456 846 1746 931 ἐκφῦναι
1773 844 1962 931 Διός,

595 947 906 1033 Σεμέλην
933 948 1008 1015 δὲ
1034 956 1555 1033 νυμφευθεῖσαν
1584 947 1657 1013 ἐκ
1685 950 1947 1032 θνητοῦ
1975 971 2157 1027 τινος

598 1054 691 1127 εἰς
717 1042 874 1135 Ζῆν’
906 1042 1275 1136 ἀναφέρειν
1301 1046 1425 1133 τὴν
1453 1043 1782 1137 ἁμαρτίαν
1810 1048 2065 1133 λέχους,

593 1148 877 1237 Κάδμου
905 1145 1294 1236 σοφίσμαθ’,
1327 1139 1425 1216 ῶν
1450 1176 1564 1218 νιν
1610 1154 1837 1219 εἵνεκα
1864 1164 2134 1218 κτανεῖν
2309 1171 2382 1224 30

592 1248 746 1336 Ζῆν’
787 1245 1255 1337 ἐξεκαυχῶνθ’,
1286 1246 1388 1320 ὅτι
1414 1250 1669 1338 γάμους
1696 1249 2042 1331 ἐψεύσατο.

593 1351 823 1440 τοιγάρ
853 1380 966 1421 νιν
995 1348 1204 1431 αὐτὰς
1231 1355 1305 1420 ἐκ
1334 1352 1562 1440 δόμων
1601 1344 1889 1441 ᾤστρησ’
1922 1350 2051 1440 έγῶ

593 1460 895 1539 μανίαις·
951 1450 1108 1541 ὅρος
1136 1450 1202 1521 δ’
1236 1460 1499 1522 οἰκοῦσι
1528 1451 1905 1542 παράκοποι
1934 1460 2241 1542 φρενῶν·

597 1554 850 1641 σκευήν
877 1551 926 1621 τ’
961 1561 1140 1641 ἔχειν
1165 1552 1495 1643 ἦνάγκασ’
1529 1551 1783 1646 ὀργίων
1812 1558 2010 1643 ἐμῶν,

593 1658 706 1725 καὶ
735 1660 870 1725 πᾶν
896 1653 970 1723 τὸ
1001 1662 1185 1743 θῆλυ
1214 1660 1474 1746 σπέρμα
1504 1660 1865 1743 Καδμείων
1893 1653 2042 1726 ὅσαι
2302 1674 2372 1729 35

592 1773 909 1844 γυναῖκες
936 1748 1110 1846 ἦσαν
1147 1760 1426 1846 ἐξέμηνα
1456 1756 1784 1846 δωμάτων
1803 1780 1817 1796 ·

594 1856 768 1947 ὁμοῦ
800 1860 875 1929 δὲ
902 1858 1186 1948 Κάδμου
1217 1860 1451 1929 παισὶν
1482 1857 2014 1948 ἀναμεμιγμέναι

592 1971 882 2054 χλωραῖς
909 1959 1018 2032 ὑπ’
1052 1961 1316 2044 ἐλάταις
1342 1959 1707 2053 ἀνορόφοις
1734 1952 1929 2048 ἧνται
1955 1963 2247 2051 πέτραις.

594 2069 704 2133 δεῖ
729 2064 858 2153 γάρ
888 2063 1089 2134 πόλιν
1116 2061 1309 2154 τήνδ’
1341 2068 1700 2151 ἐκμαθεῖν,
1735 2069 1844 2132 κεί
1864 2061 1955 2152 μὴ
1983 2063 2193 2152 θέλει,

593 2163 944 2235 ἀτέλεστον
971 2157 1186 2234 οὖσαν
1210 2173 1348 2235 τῶν
1383 2170 1562 2255 ἐμῶν
1592 2165 2095 2254 βακχευμάτων,
2300 2183 2370 2238 40

592 2270 893 2354 Σεμέλης
920 2293 991 2336 τε
1018 2271 1270 2357 μητρὸς
1298 2264 1857 2356 ἀπολογήσασθαί
1876 2262 1935 2356 μ’
1969 2261 2143 2358 ὅπερ

593 2370 890 2454 φανέντα
917 2378 1196 2456 θνητοῖς
1226 2366 1511 2457 δαίμον’,
1541 2365 1623 2438 ὃν
1650 2375 1859 2438 τίκτει
1893 2373 2035 2438 Διί.

590 2468 865 2556 Κάδμος
892 2470 1018 2558 μὲν
1047 2461 1175 2539 οῦν
1211 2472 1412 2562 γέρας
1440 2498 1513 2540 τε
1537 2469 1652 2540 καὶ
1679 2475 2050 2559 τυραννίδα

589 2581 856 2642 Πενθεῖ
879 2576 1119 2641 δίδωσι
1147 2572 1489 2664 θυγατρὸς
1518 2572 1948 2660 ἐκπεφυκότι,

591 2671 667 2754 ὃς
703 2685 1028 2762 θεομαχεῖ
1049 2673 1130 2742 τὰ
1157 2672 1294 2744 κατ’
1329 2675 1442 2762 ἐμὲ
1468 2675 1579 2742 καὶ
1613 2679 1931 2743 σπονδῶν
1959 2671 2089 2742 ἄπο
2296 2691 2365 2746 45

591 2772 767 2843 ὠθεῖ
786 2772 846 2862 μ’
883 2777 958 2843 έν
988 2771 1212 2861 εὐχαῖς
1240 2772 1289 2844 τ’
1326 2773 1639 2865 οὐδαμῶς
1666 2784 1907 2863 μνείαν
1935 2781 2088 2863 ἔχει.

592 2866 688 2942 ῶν
735 2875 934 2945 εἵνεκ’
968 2872 1153 2967 αὐτῷ
1182 2879 1345 2958 θεὸς
1373 2875 1588 2964 γεγῶς
1616 2881 1991 2965 ἐνδείξομαι

592 2983 799 3046 πᾶσίν
828 3002 900 3045 τε
929 2983 1346 3064 Θηβαίοισιν.
1416 2987 1509 3060 εἰς
1538 2976 1604 3048 δ’
1640 2977 1852 3067 ἄλλην
1877 2977 2129 3065 χθόνα,

586 3074 918 3148 τάνθένδε
945 3081 1229 3166 θέμενος
1260 3071 1340 3149 εὖ
1354 3133 1373 3167 ,
1404 3081 1789 3170 μεταστήσω
1818 3081 2013 3167 πόδα,

583 3176 863 3278 δεικνὺς
892 3181 1213 3270 ἐμαυτόν·
1269 3177 1356 3271 ἢν
1384 3184 1459 3251 δὲ
1490 3189 1809 3271 Θηβαίων
1843 3181 2034 3262 πόλις
2298 3200 2363 3252 50

586 3277 756 3372 ὀργῇ
783 3281 915 3352 σὺν
942 3279 1174 3363 ὅπλοις
1203 3287 1270 3365 ἐξ
1305 3281 1510 3375 ὅρους
1534 3285 1797 3372 Βάκχας
1825 3281 2017 3371 ἄγειν
2104 3366 2123 3372 ·

586 3391 774 3473 ζητῇ,
805 3384 1088 3465 συνάψω
1117 3383 1397 3472 μαινάσι
1426 3393 1915 3475 στρατηλατῶν.

589 3476 686 3552 ῶν
724 3485 926 3556 εἵνεκ’
967 3485 1144 3567 εἶδος
1170 3487 1434 3576 θνητὸν
1463 3486 1745 3568 ἀλλάξας
1774 3494 1900 3574 ἔχω

2486 2487 2488 2579 Ῑ

2484 2720 2486 2794 l

2476 2879 2485 2916 4

2490 2071 2492 2147 l
