2492 3900
322 137 455 200 248

328 1228 471 1290 XO.

331 1431 477 1491 HA.

334 1937 464 1999 ΟΡ.

330 2040 478 2101 HA.

336 2142 465 2201 ΟΡ.

465 2287 479 2300 .
563 2234 852 2326 ἄπελθε,
880 2238 969 2327 μὴ
998 2238 1168 2319 ψαῦ’
1203 2230 1302 2307 ῶν
1329 2263 1405 2309 σε
1437 2239 1526 2328 μὴ
1554 2240 1800 2322 ψαύειν
1825 2237 2061 2329 χρεῶν.

336 2344 465 2404 ΟΡ.

329 2445 477 2506 HA.

336 2548 465 2607 ΟΡ.

330 2649 479 2710 HA.

336 2752 465 2811 ΟΡ.

330 2851 478 2912 ΗΛ.

336 2952 464 3011 ΟΡ.

327 3053 406 3113 Η
404 3052 477 3112 Λ.

334 3154 465 3213 ΟΡ.

334 3254 478 3315 HA.

334 3355 463 3414 ΟΡ.

327 3454 477 3513 HA.

1130 139 1524 196 HAEKTPA

562 304 636 388 ὅς
663 334 796 376 που
822 315 952 396 γᾶν
979 305 1190 377 ἄλλαν
1218 309 1476 395 κατέχει

560 411 791 496 μέλεος
821 406 1119 479 ἀλαίνων
1148 412 1300 478 ποτὶ
1331 417 1597 496 θῆσσαν
1625 412 1870 498 ἑστίαν,

558 519 679 580 τοῦ
706 518 980 581 κλεινοῦ
1007 510 1255 600 πατρὸς
1281 510 1509 598 ἐκφύς.

562 609 729 681 αὐτὰ
762 611 829 682 δ’
862 617 937 682 ἐν
963 621 1235 702 χερνῆσι
1268 613 1496 700 δόμοις

560 721 727 785 ναίω
754 713 979 801 ψυχὰν
997 717 1326 803 τακομένα

561 815 887 910 δωμάτων
916 823 1216 904 πατρίων
1246 816 1491 902 φυγάς,

558 914 829 1007 οὐρείας
857 915 970 986 ἄν’
1007 923 1302 1007 ἐρίπνας.

556 1019 771 1109 μάτηρ
801 1016 866 1088 δ’
901 1023 975 1089 ἐν
1003 1023 1298 1109 λέκτροις
1332 1026 1598 1106 φονίοις

558 1119 739 1214 ἄλλω
767 1122 1103 1210 σύγγαμος
1132 1128 1320 1190 οἰκεῖ.

556 1230 827 1292 πολλῶν
854 1231 1081 1292 κακῶν
1098 1219 1412 1310 Ἕλλησιν
1439 1227 1659 1290 αἰτίαν
1686 1227 1818 1306 ἔχει

560 1332 680 1411 σῆς
705 1325 953 1415 μητρὸς
975 1322 1201 1413 Ἑλένη
1228 1324 1558 1411 σύγγονος
1585 1322 1813 1410 δόμοις
1837 1349 1908 1390 τε
1938 1335 2098 1401 σοῖς.

559 1435 771 1513 οἴμοι,
799 1442 1150 1514 γυναῖκες,
1182 1429 1415 1515 ἐξέβην
1441 1423 1913 1512 θρηνημάτων.

566 1528 744 1608 ξένοι
774 1527 947 1606 τινὲς
976 1525 1135 1616 παρ’
1172 1527 1361 1597 οἷκον
1387 1523 1518 1595 οἵδ’
1557 1530 1904 1611 ἐφεστίους

561 1625 762 1709 εὐνὰς
793 1635 1050 1716 ἔχοντες
1077 1631 1532 1711 ἐξανίστανται
1567 1628 1797 1714 λόχου·
1863 1702 1890 1710 ἱ

561 1736 748 1818 φυγῇ
776 1730 862 1799 σύ
890 1731 1015 1818 μὲν
1042 1729 1189 1800 κατ’
1222 1729 1449 1817 οἶμον,
1487 1736 1578 1810 εἰς
1611 1730 1859 1816 δόμους
1888 1725 1955 1796 δ’
1989 1726 2120 1816 ἐγω

562 1838 786 1918 φῶτας
812 1830 1235 1923 κακούργους
1269 1833 1684 1919 ἐξαλύξωμεν
1712 1836 1890 1900 ποδί.

563 1930 727 2021 μέν’,
758 1925 812 2003 ὦ
839 1935 1144 2021 τάλαινα·
1174 1933 1266 2023 μὴ
1296 1937 1530 2024 τρέσῃς
1558 1931 1722 2022 ἐμὴν
1748 1935 1928 2022 χέρα.

566 2026 620 2103 ὦ
650 2035 847 2124 Φοῖβ’
867 2036 1234 2123 ''Axon-ov,
1265 2044 1650 2124 προσπίτνω
1680 2058 1756 2105 σε
1783 2033 1873 2124 μὴ
1900 2044 2169 2103 θανεῖν.

566 2133 808 2217 ἅλλους
837 2136 1139 2225 κτάνοιμ’
1172 2134 1259 2207 ἂν
1285 2145 1540 2226 μᾶλλον
1570 2142 1841 2225 ἐχθίους
1867 2139 2095 2206 σέθεν.

560 2334 687 2406 οὐκ
722 2336 873 2407 ἔσθ’
906 2334 1065 2408 ὅτου
1094 2337 1356 2428 θίγοιμ’
1389 2336 1474 2409 ἂν
1503 2340 1963 2430 ἐνδικώτερον.

562 2441 677 2508 καὶ
703 2447 843 2523 πῶς
872 2442 1152 2530 ξιφήρης
1178 2441 1348 2532 πρὸς
1377 2444 1607 2531 δόμοις
1634 2449 1829 2533 λοχᾷς
1858 2445 2069 2529 ἐμοῖςὸ

559 2541 823 2630 μείνασ’
858 2542 1182 2633 ἄκουσον,
1212 2548 1325 2614 καὶ
1357 2542 1502 2631 τάχ’
1537 2542 1664 2613 οὐκ
1694 2542 1908 2623 ἄλλως
1935 2547 2128 2630 ἐρεῖς.

559 2648 837 2732 ἕστηκα·
877 2647 1139 2727 πάντως
1168 2643 1234 2715 δ’
1273 2648 1407 2734 εἰμὶ
1435 2644 1553 2733 σή·
1585 2653 1916 2736 κρείσσων
1943 2642 2070 2733 γὰρ
2104 2640 2184 2710 εἶ.

558 2742 700 2831 ἥκω
730 2749 960 2833 φέρων
988 2767 1091 2815 σοι
1118 2754 1246 2815 σοῦ
1275 2748 1681 2835 κασιγνήτου
1711 2747 1972 2833 λόγους.

563 2836 619 2912 ῶ
646 2843 935 2932 φίλτατ’,
965 2837 1094 2933 ἆρα
1122 2854 1364 2929 ζῶντος
1391 2843 1435 2936 ἢ
1461 2848 1898 2937 τεθνηκότοςς

559 2952 634 3034 ζῇ
652 2968 666 2983 ·
698 2952 926 3036 πρῶτα
954 2944 1082 3037 γάρ
1111 2968 1216 3016 σοι
1246 2946 1494 3037 τάγάθ’
1529 2949 1879 3038 ἀγγέλλειν
1910 2952 2114 3018 θέλω.

560 3043 1046 3138 εὐδαιμονοίης,
1082 3048 1334 3137 μισθὸν
1364 3047 1658 3139 ἡδίστων
1685 3052 1925 3141 λόγων.

564 3155 759 3237 κοινῇ
787 3155 1031 3239 δίδωμι
1061 3158 1259 3222 τοῦτο
1289 3157 1431 3243 νῶν
1460 3150 1715 3242 άμφοῖν
1744 3162 1939 3241 ἔχειν.

559 3256 693 3317 ποῦ
730 3258 850 3338 γῆς
878 3249 915 3320 ὃ
944 3252 1212 3341 τλήμων
1239 3254 1570 3342 τλήμονας
1598 3255 1820 3344 φυγὰς
1847 3262 2053 3343 ἔχωνς

559 3347 683 3436 οὐχ
712 3354 831 3421 ἕνα
859 3360 1146 3439 νομίζων
1174 3363 1530 3443 φθείρεται
1561 3357 1818 3437 πόλεως
1849 3355 2079 3426 τόπον.

560 3446 644 3517 οὔ
677 3477 809 3521 που
836 3461 1136 3537 σπανίζει
1164 3463 1286 3523 τοῦ
1312 3454 1475 3525 καθ’
1507 3454 1762 3546 ἡμέραν
1791 3465 1981 3546 βίους

2233 933 2333 985 210

2239 1439 2342 1492 215

2243 1948 2342 2001 220

2245 2458 2345 2509 225

2240 2968 2346 3021 230

2240 3474 2346 3528 235

2469 2722 2471 2863 ι

2469 2870 2472 3065 k

2465 3738 2468 3833 1
