2492 3900
201 534 341 595 XO.

191 738 351 801 AN.

929 153 1495 211 ΑΝΔΡΟΜΑΧΗ
2140 155 2221 217 53

435 318 572 392 ἀλλ’
609 327 702 400 είς
729 328 891 409 μιάν
920 322 1280 408 βλέποντες
1312 319 1592 391 εὐναίαν
1618 324 1893 415 Κύπριν

433 425 868 513 στέργουσιν,
900 420 1080 503 ὅστις
1109 422 1198 511 μὴ
1229 431 1451 503 κακῶς
1488 431 1700 495 οἰκεῖν
1736 430 1945 497 θέλει.
2122 444 2221 500 180

435 525 822 615 ἐπίφθονόν
849 553 912 593 τι
939 532 1158 615 χρῆμα
1188 534 1468 614 θηλείας
1501 526 1751 610 φρενὸς

432 631 546 697 καὶ
572 627 968 715 ξυγγάμοισι
996 628 1323 715 δυσμενὲς
1352 627 1616 716 μάλιστ’
1651 628 1777 699 ἀεί.

437 738 573 819 φεῦ
604 736 738 818 φεῦ
758 752 772 766 ·

433 832 644 902 κακόν
672 858 750 919 γε
779 842 1055 919 θνητοῖς
1084 830 1159 899 τὸ
1189 834 1348 900 νέον
1382 837 1456 900 ἔν
1489 859 1559 899 τε
1594 840 1686 923 τῷ
1721 839 1850 926 νέω

426 934 502 1003 τὸ
531 933 622 1023 μὴ
652 940 916 1003 δίκαιον
947 930 1126 1014 ὅστις
1154 930 1547 1023 ἀνθρώπων
1576 943 1729 1022 ἔχει.
2119 955 2216 1011 185

428 1034 559 1125 ε’γῶ
590 1037 666 1105 δὲ
692 1043 918 1125 ταρβῶ
950 1035 1040 1123 μὴ
1069 1034 1142 1105 τὸ
1174 1035 1531 1106 δουλεύειν
1559 1041 1645 1125 με’
1667 1059 1775 1107 σοι

430 1139 652 1227 λόγων
681 1136 918 1227 ἄπῶσῃ
950 1135 1132 1207 πόλλ’
1177 1145 1462 1225 ἔχουσαν
1490 1145 1745 1227 ἔνδικα,

426 1236 512 1329 ἦν
546 1241 610 1311 δ’
646 1231 737 1315 αὖ
765 1240 1106 1329 κρατήσω,
1137 1238 1226 1329 μὴ
1251 1237 1353 1309 ’πὶ
1384 1237 1549 1333 τῶδ’
1582 1239 1773 1331 ὄφλω
1800 1244 2062 1334 βλάβην
2083 1268 2097 1281 ·

427 1350 496 1412 οἱ
518 1342 647 1433 γὰρ
679 1346 994 1422 πνέοντες
1021 1344 1279 1430 μεγάλα
1306 1342 1467 1423 τούς
1496 1352 1852 1433 κρείσσους
1882 1348 2126 1435 λόγους

426 1453 680 1536 πικρῶς
711 1448 999 1535 φέρουσι
1027 1451 1163 1515 τῶν
1191 1446 1576 1516 ἐλασσόνων
1610 1445 1745 1517 ὕπο
1764 1472 1777 1485 ·
2114 1467 2217 1521 190

427 1545 606 1636 ὅμως
638 1546 703 1617 δ’
741 1546 1036 1636 ἐμαυτὴν
1063 1545 1146 1616 ού
1177 1546 1507 1637 προδοῦσ’
1542 1546 1905 1638 ἆλῶσομαι.

431 1648 579 1738 εἴπ’,
617 1642 671 1719 cg
697 1656 925 1737 νεᾶνι,
956 1657 1048 1741 τῷ
1080 1649 1146 1718 σ’
1181 1652 1479 1742 ἐχεγγύῳ
1509 1652 1689 1745 λόγῳ

426 1750 762 1823 πεισθεῖσ’
799 1749 1057 1821 ἀπωθῶ
1087 1759 1387 1841 γνησίων
1414 1754 1955 1843 νυμφευμάτωνς

375 1922 384 1933 ,
426 1852 514 1937 ῶς
542 1851 584 1943 ἡ
611 1854 920 1923 Λάκαινα
954 1860 1091 1922 τῶν
1119 1862 1417 1943 Φρυγῶν
1444 1864 1655 1942 μείων
1683 1856 1896 1943 πόλις,

295 1987 301 1992 ·
421 1956 590 2042 τύχῃ
643 1953 708 2024 θ’
740 1953 1038 2045 ὑπερθεῖ
1083 1953 1228 2043 κᾶμ’
1265 1959 1638 2046 ἐλευθέραν
1668 1954 1865 2050 ὁρᾷς;
2113 1978 2213 2032 195

421 2057 465 2147 ἢ
501 2065 596 2151 τῷ
623 2060 758 2150 νέῳ
790 2085 862 2126 τε
889 2061 1004 2127 καὶ
1035 2065 1411 2149 σφριγῶντι
1443 2058 1699 2148 σώματι

421 2167 718 2236 πλούτου
753 2192 824 2234 τε
857 2163 1126 2253 μεγέθει
1160 2165 1273 2233 καὶ
1307 2170 1524 2252 φίλοις
1564 2159 1897 2250 ἐπηρμένη

423 2261 612 2332 οἷκον
639 2277 994 2349 κατασχεῖν
1020 2261 1140 2331 τὸν
1168 2261 1293 2331 σὸν
1322 2259 1473 2331 ἀντὶ
1500 2271 1625 2333 σοῦ
1653 2267 1835 2334 θέλω
1861 2297 1879 2349 ;

426 2364 715 2453 πότερον
743 2361 824 2434 ἵν’
854 2361 1024 2452 αὐτὴ
1058 2370 1301 2445 παῖδας
1330 2362 1482 2434 ἀντὶ
1510 2374 1637 2435 σοῦ
1674 2370 1845 2436 τέκω

427 2467 712 2548 δούλους
740 2469 992 2556 ἐμαυτῇ
1021 2463 1068 2534 τ’
1105 2463 1357 2535 ἀθλίαν
1394 2471 1757 2553 ἐφολκίδας
1979 2463 1990 2483 ”
2107 2488 2213 2539 200

425 2564 470 2656 ἢ
495 2569 651 2649 τοὺς
680 2569 878 2657 ἐμούς
905 2596 1004 2648 τις
1035 2574 1277 2647 παῖδας
1306 2571 1673 2650 ἐξανέξεται

427 2679 649 2752 Φθίας
676 2670 1056 2760 τυράννους
1085 2667 1319 2757 ὄντας,
1348 2665 1435 2757 ἢν
1472 2669 1559 2740 σὺ
1588 2671 1677 2759 μὴ
1708 2675 1936 2762 τέκῃς;

425 2781 702 2862 φιλοῦσι
729 2773 857 2862 γάρ
887 2769 945 2861 μ’
965 2769 1282 2861 Ἕλληνες
1301 2769 1619 2864 Ἕκτορός
1644 2771 1693 2843 τ’
1726 2771 1880 2862 ἄπο,

425 2873 595 2963 αὐτή
622 2872 669 2944 τ’
705 2873 975 2964 ἀμαυρὰ
1001 2873 1126 2944 κού
1155 2875 1487 2964 τύραννος
1519 2866 1567 2964 ἦ
1606 2882 1920 2966 Φρυγῶν.

426 2975 552 3047 οὐκ
581 2981 646 3060 ἐξ
676 2982 854 3066 ἐμῶν
882 2999 958 3047 σε
987 2978 1365 3067 φαρμάκων
1396 2994 1633 3067 στυγεῖ
1658 2979 1870 3066 πόσις,
2106 2997 2208 3049 205

427 3075 598 3162 [ἀλλ’
636 3084 700 3146 εί
722 3081 1022 3158 ξυνεῖναι
1049 3075 1138 3163 μὴ
1187 3077 1511 3162 ’πιτηδεία
1540 3085 1813 3166 κυρεῖς]

423 3188 710 3270 φίλτρον
738 3181 814 3249 δὲ
841 3183 954 3249 καὶ
979 3177 1125 3250 τόδ’
1146 3203 1160 3217 ·
1194 3177 1279 3249 οὐ
1308 3179 1382 3249 τὸ
1421 3181 1697 3270 κάλλος,
1728 3173 1783 3251 ῶ
1809 3184 2035 3273 γύναι,

428 3278 586 3349 ἀλλ’
622 3278 854 3372 ἀρεταὶ
885 3285 1210 3373 τέρπουσι
1235 3281 1394 3364 τοὺς
1422 3287 1845 3366 ξυνευνέτας.

421 3383 508 3454 σὺ
541 3381 605 3453 δ’
639 3381 726 3472 ἥν
753 3413 816 3454 τι
848 3393 1167 3475 κνισθῇς,
1197 3381 1238 3473 ἡ
1266 3387 1572 3456 Λάκαινα
1598 3389 1723 3475 μὲν
1751 3389 1941 3468 πόλις

421 3483 560 3573 μέγ’
598 3490 771 3574 ἐστί,
802 3485 927 3575 τὴν
956 3489 1031 3556 δὲ
1061 3495 1341 3578 Σκῦρον
1371 3487 1676 3577 οὐδαμοῦ
1705 3497 1921 3577 τίθης,
2106 3506 2207 3560 210
