2492 3900
291 103 412 165 298

290 2510 424 2571 XO.

282 2916 434 2976 ΔΗ.

1031 103 1363 162 ΗΡΑΚΛΕ
1372 103 1558 164 MAI

582 263 979 298 11111

520 371 710 461 ὑμεῖς
734 401 805 442 τε
831 381 1054 458 παισί,
1084 373 1195 440 καὶ
1224 373 1427 451 πέλας
1455 376 1880 462 προσέλθετε.

521 467 574 544 ῶ
602 480 866 560 παῖδες,
899 480 992 554 εἰς
1016 474 1140 560 μὲν
1168 487 1410 562 πεῖραν
1436 469 1739 562 ἤλθομεν
1767 483 1989 562 φίλων
2015 506 2023 516 ·

519 574 604 664 ἦν
633 574 701 646 δ’
733 567 860 645 οὖν
885 572 1050 644 ποθ’
1081 569 1247 660 ὑμῖν
1272 573 1507 655 νόστος
1534 581 1627 655 εἰς
1654 577 1915 666 πάτραν
1942 587 2123 668 φανῇ
2190 596 2295 649 310

518 681 630 748 καὶ.
659 674 908 764 δώματ’
941 677 1248 762 οἰκήσητε
1276 677 1389 743 καὶ
1416 674 1609 763 τιμὰς
1632 676 1900 766 πατρός,

517 787 815 867 σωτῆρας
847 775 951 846 ἀεὶ
978 780 1090 845 καὶ
1119 783 1362 863 φίλους
1391 785 1706 864 νομίζετε,

520 883 631 950 καὶ
664 876 905 970 μήποτ’
944 885 1036 958 είς
1062 884 1192 966 γῆν
1221 875 1471 966 ἐχθρὸν
1500 889 1813 969 αἴρεσθαι
1845 881 2036 970 δόρυ,

520 985 926 1071 μεμνημένοι
951 976 1180 1064 τῶνδ’,
1211 975 1381 1048 ἀλλά
1411 981 1733 1068 φιλτάτην
1760 981 1959 1051 πόλιν

518 1092 751 1154 πασῶν
781 1081 1090 1170 νομίζετ’.
1121 1077 1293 1162 ἄξιοι
1321 1078 1386 1149 δ’
1419 1077 1583 1168 ὑμῖν
1610 1084 1833 1170 σέβειν
2194 1101 2297 1156 315

517 1195 588 1255 οἳ
607 1193 736 1274 γῆν
763 1184 1043 1272 τοσήνδε
1071 1185 1182 1252 καὶ
1209 1181 1637 1270 Πελασγικὸν
1662 1182 1836 1254 λεῶν

515 1284 705 1374 ἡμῶν
729 1285 1186 1375 ἀπηλλάξαντο
1214 1293 1573 1371 πολεμίους
1602 1293 1797 1373 ἔχειν,

511 1387 809 1474 πτωχοὺς
835 1385 1077 1474 ἀλήτας
1107 1393 1524 1474 εἰσορῶντες·
1560 1384 1706 1457 ἀλλ’
1740 1383 1917 1474 ὅμως

516 1485 640 1556 οὐκ
671 1491 998 1569 ἐξέδωκαν
1029 1485 1181 1556 οὐδ’
1215 1483 1565 1574 ἀπήλασαν
1588 1491 1852 1575 χθονός.

517 1588 644 1676 ἐγω
674 1589 749 1658 δὲ
774 1590 886 1657 καὶ
913 1582 1044 1672 ζὼν
1070 1592 1183 1658 καὶ
1209 1588 1538 1676 θανόνθ’,
1576 1591 1735 1660 ὅταν
1769 1592 2011 1680 θάνῃς,
2192 1608 2297 1662 320

517 1697 740 1782 πολλῶ
768 1687 834 1759 σ’
869 1694 1119 1782 ἐπαίνῳ
1150 1693 1451 1777 Θησέως,
1482 1681 1537 1758 ῶ
1564 1698 1719 1777 τᾶν,
1749 1693 1949 1768 πέλας

518 1790 781 1880 ὑψηλὸν
809 1788 950 1881 ἀρῶ
978 1794 1089 1860 καὶ
1115 1795 1333 1881 λέγων
1359 1788 1506 1860 τάδ’
1541 1789 1880 1880 εὐφρανῶ,

517 1891 605 1976 ῶς
635 1885 714 1964 εὖ
745 1892 804 1964 τ’
839 1896 1038 1977 ἐδέξω
1065 1897 1176 1963 καὶ
1211 1895 1545 1963 τέκνοισιν
1570 1891 1855 1983 ἤρκεσας

516 2012 651 2078 τοῖς
674 1993 1114 2087 Ἡρακλείοις,
1151 1992 1431 2084 εὐγενὴς
1459 1993 1524 2063 δ’
1558 1992 1671 2065 ἀν’
1706 1993 1986 2063 Ἑλλάδα

515 2099 740 2181 σώζεις
767 2098 1084 2189 πατρῴαν
1111 2098 1347 2183 δόξαν,
1378 2099 1441 2177 ἐξ
1472 2100 1738 2166 ἐσθλῶν
1767 2097 1843 2166 δὲ
1869 2094 2005 2183 φὺς
2192 2116 2296 2169 325

512 2197 715 2267 οὐδὲν
740 2206 994 2267 κακίων
1020 2200 1367 2287 τυγχάνεις
1395 2197 1609 2285 γεγώς
1635 2196 1881 2287 πατρὸς
1937 2228 1944 2233 ·

516 2299 795 2387 παύρων
820 2295 962 2385 μετ’
997 2295 1220 2369 ἄλλων
1237 2324 1251 2337 ·
1291 2302 1408 2368 ἕνα
1436 2297 1566 2388 γὰρ
1594 2303 1669 2369 έν
1695 2308 1961 2379 πολλοῖς
1989 2310 2153 2381 ἴσως

515 2396 733 2489 εὕροις
761 2395 846 2469 ἀν
875 2396 1052 2480 ὅστις
1079 2404 1214 2471 ἐστὶ
1241 2399 1333 2490 μὴ
1358 2408 1603 2490 χείρων
1630 2401 1895 2489 πατρός.

507 2502 617 2572 ἀεί
636 2500 789 2572 ποθ’
821 2499 908 2592 ἥδ
913 2531 944 2571 ε
970 2518 1126 2590 γαῖα
1156 2519 1291 2585 τοῖς
1320 2499 1678 2589 ἀμηχάνοις

509 2604 638 2673 σὺν
667 2612 757 2697 τῷ
787 2612 1024 2696 δικαίῳ
1052 2605 1366 2693 βούλεται
1393 2614 1877 2694 προσωφελεῖν.
2190 2622 2300 2677 330

509 2706 741 2794 τοιγὰρ
772 2708 1020 2786 πόνους
1046 2705 1130 2793 δὴ
1157 2712 1444 2797 μυρίους
1470 2702 1643 2794 ὑπὲρ
1674 2714 1894 2795 φίλων
2150 2704 2155 2713 ’

517 2805 795 2895 ἤνεγκε,
825 2809 940 2875 καὶ
967 2814 1099 2877 νῦν
1127 2805 1313 2878 τόνδ’
1348 2804 1559 2895 ἀγῶν’
1594 2806 1731 2896 ὁρῶ
1760 2810 1980 2888 πέλας.

511 2916 624 2976 σοί
649 2905 708 2975 τ’
745 2898 822 2976 εὖ
851 2911 1182 2997 λέλεκται,
1213 2911 1327 2979 καὶ
1352 2908 1433 2977 τὰ
1460 2908 1671 2979 τῶνδ’
1706 2906 1889 2997 αὐχῶ
1908 2962 1927 2996 ,
1961 2911 2191 2997 γέρον,

510 3007 764 3078 τοιαῦτ’
799 3018 1073 3080 ἔσεσθαι
1091 3033 1105 3048 ·
1135 3012 1667 3101 μνημονεύσεται
1690 3012 1898 3100 χάρις.

510 3108 693 3201 κάγῶ
721 3112 846 3199 μὲν
873 3110 1093 3181 ἀστῶν
1121 3112 1455 3200 σύλλογον
1481 3115 1860 3203 ποιήσομαι,
2186 3129 2296 3183 335

511 3213 680 3295 τάξω
709 3212 777 3281 δ’
812 3211 991 3295 ὅπως
1020 3210 1105 3283 ἂν
1133 3213 1253 3285 τὸν
1280 3224 1707 3302 Μυκηναίων
1735 3206 2018 3303 στρατὸν

510 3322 721 3405 πολλῇ
751 3318 1038 3402 δέχωμαι
1061 3324 1265 3406 χειρί·
1299 3324 1529 3405 πρῶτα
1556 3318 1680 3404 μὲν
1706 3314 2001 3395 σκοποὺς

512 3419 748 3502 πέμψω
777 3413 943 3505 πρὸς
972 3413 1215 3503 αὐτόν,
1245 3416 1335 3504 μὴ
1364 3418 1549 3505 λάθῃ
1572 3446 1653 3505 με
1680 3415 2115 3507 προσπεσών

1033 3856 1193 3867 *—
1217 3858 1487 3867 ——‘——-
1586 3862 1907 3873 ————.——.
1954 3868 2275 3877 -ᾸΑ-ᾑ-
2396 3625 2431 3877 S
