2492 3900
275 160 400 227 102

278 1671 446 1733 TEI.

275 2845 415 2960 xo.

1089 168 1414 227 ΒΑΚΧΛΙ

499 342 617 425 τῆς
646 340 766 425 σῆς
794 326 1255 414 άνοίαςτόνδε
1289 333 1409 403 τὸν
1440 336 1853 407 διδάσκαλον
2188 361 2307 427 345

505 443 706 526 δίκην
731 438 1009 525 μέτειμι.
1047 436 1357 521 στειχέτω
1384 462 1483 517 τις
1514 434 1605 517 ὥς
1630 438 1845 526 τάχος,

502 538 731 611 ἐλθών
759 538 836 608 δὲ
867 537 1125 617 θάκους
1157 534 1349 607 τοῦδ’
1382 535 1465 606 ἶν’
1498 546 1947 611 οἰωνοσκοπεῖ

499 651 768 731 μοχλοῖς
793 646 1104 729 τριαίνου
1129 634 1558 728 κάνάτρεψον
1586 648 1895 729 ἔμπαλιν,

500 742 642 815 ἅνω
668 743 848 813 κάτω
875 740 957 811 τὰ
983 740 1200 810 πάντα
1231 742 1518 829 συγχέας
1546 739 1741 832 ὁμοῦ,

499 849 613 916 καὶ
637 840 938 933 στέμματ’
975 839 1246 931 ἀνέμοις
1271 846 1387 913 καὶ
1416 847 1819 915 θυέλλαισιν
1852 849 2078 934 μέθες.
2187 866 2305 921 350

495 948 784 1037 μάλιστα
809 946 938 1036 γάρ
969 974 1084 1015 νιν
1110 945 1390 1035 δήξομαι
1418 946 1671 1035 δράσας
1696 947 1879 1018 τάδε.

495 1046 563 1123 οἳ
591 1048 658 1121 δ’
693 1047 824 1119 ἄνα
851 1048 1049 1119 πόλιν
1075 1056 1452 1135 στείχοντες
1481 1049 1903 1138 ἐξιχνεύσατε
2062 1134 2069 1139 ³

496 1152 618 1223 τὸν
644 1151 1097 1241 θηλύμορφον
1123 1152 1351 1238 ξένον,
1382 1147 1456 1231 ὃς
1490 1154 1789 1242 εἰσφέρει
1815 1152 2017 1222 νόσον

497 1253 742 1342 καινὴν
775 1254 1044 1343 γυναιξὶ
1073 1255 1186 1322 καὶ
1213 1254 1371 1341 λέχη
1402 1260 1820 1341 λυμαίνεται.

497 1354 756 1446 κᾶνπερ
784 1354 1063 1445 λάβητε,
1094 1357 1371 1443 δέσμιον
1400 1355 1776 1445 πορεύσατε
2188 1370 2299 1425 355

499 1454 678 1548 δεῦρ’
713 1456 944 1546 αὐτόν,
976 1454 1064 1537 ὥς
1093 1452 1178 1526 ἂν
1205 1464 1533 1546 λευσίμου
1561 1464 1755 1546 δίκης
1782 1456 2007 1545 τυχὼν

498 1557 682 1650 θάνῃ
711 1559 960 1649 πικρὰν
986 1559 1355 1647 βάκχευσιν
1383 1563 1457 1629 έν
1487 1560 1739 1650 Θήβαις
1768 1560 1954 1630 ἰδών.

504 1654 560 1732 αἶ
587 1659 846 1751 σχέτλι’,
879 1658 968 1743 ὥς
999 1659 1126 1731 οὐκ
1155 1661 1361 1731 οἶσθα
1388 1670 1523 1732 ποῦ
1559 1660 1697 1734 ποτ’
1740 1662 1800 1732 εἶ
1824 1662 2067 1750 λόγων.
2132 1674 2137 1679 ’

498 1769 794 1855 μέμηνας
820 1761 951 1854 ἤδη
979 1766 1093 1834 καὶ
1119 1767 1284 1855 πρὶν
1313 1767 1573 1853 ἐξέστης
1602 1771 1901 1854 φρενῶν.

500 1875 865 1959 στείχωμεν
891 1864 1112 1957 ἡμεῖς,
1143 1866 1401 1956 Κάδμε,
1428 1865 1900 1957 κάξαιτώμεθα
2186 1881 2295 1936 360

497 1970 668 2063 ὑπέρ
704 1999 776 2042 τε
802 1971 1049 2042 τούτου
1075 1977 1319 2059 καίπερ
1349 1967 1543 2052 ὄντος
1570 1969 1815 2062 ἀγρίου

502 2072 674 2162 ὑπέρ
702 2101 774 2143 τε
801 2074 1092 2161 πόλεως,
1122 2072 1243 2142 τὸν
1272 2070 1443 2142 θεὸν
1470 2073 1683 2163 μηδὲν
1708 2074 1867 2143 νέον

499 2182 692 2265 δρᾶν.
723 2174 859 2245 ἀλλ’
892 2179 1062 2245 ἕπου
1095 2203 1209 2264 μοι
1235 2181 1549 2245 κισσίνου
1576 2174 1872 2264 βάκτρου
1900 2173 2092 2262 μέτα·

499 2276 807 2367 πειρῶ’δ’
843 2275 1196 2368 ἀνορθοῦν
1223 2273 1384 2366 σῶμ’
1419 2277 1602 2367 ἐμόν,
1633 2274 1819 2366 κάγώ
1846 2275 1922 2346 τὸ
1952 2273 2107 2346 σόν·

499 2382 776 2469 γέροντε
804 2377 870 2449 δ’
905 2379 1182 2470 αἰσχρὸν
1211 2379 1338 2449 δύο
1365 2395 1630 2450 πεσεῖν·
1672 2390 1789 2449 ἴτω
1818 2377 1884 2447 δ’
1920 2373 2116 2467 ὅμως.
2186 2392 2290 2448 365

500 2488 594 2576 τῷ
621 2489 889 2576 Βακχίῳ
918 2481 1048 2572 γὰρ
1076 2489 1170 2576 τῷ
1200 2480 1373 2564 Διὸς
1400 2485 1829 2554 δουλευτέον.

498 2583 818 2667 Πενθεὺς
845 2583 912 2655 δ’
947 2581 1128 2667 ὅπως
1154 2585 1244 2674 μὴ
1275 2587 1527 2667 πένθος
1558 2592 1832 2656 εἰσοίσει
1854 2580 2085 2670 δόμοις

497 2703 637 2768 τοῖς
665 2703 872 2776 σοῖσι,
901 2689 1166 2776 Κάδμε·
1213 2696 1499 2779 μαντικῇ
1527 2687 1651 2777 μὲν
1679 2683 1761 2757 οὗ
1792 2688 1988 2775 λέγω,

499 2804 638 2869 τοῖς
665 2790 1050 2880 πράγμασιν
1078 2791 1185 2859 δέ·
1217 2795 1412 2879 μῶρα
1438 2788 1568 2880 γὰρ
1597 2797 1819 2880 μῶρος
1848 2789 2051 2876 λέγει.

487 2887 677 2960 Ὁσία
705 2892 918 2960 πότνα
943 2897 1154 2978 θεῶν,
1940 2910 2082 2979 στρ.
2187 2899 2291 2956 370

494 2989 683 3063 Ὁσία
709 2989 776 3063 δ’
814 2989 859 3063 ἃ
884 2991 1053 3063 κατὰ
1079 3000 1210 3082 γᾶν

501 3097 795 3185 χρυσέαν
823 3099 1123 3188 πτέρυγα
1156 3098 1407 3186 φέρεις,

500 3197 660 3268 τάδε
692 3200 1015 3281 Πενθέως
1043 3197 1246 3284 ἆίεις;

504 3299 675 3382 ἀίεις
701 3299 826 3389 οὐχ
855 3299 1050 3371 ὁσίαν

503 3400 710 3494 ὕβριν
740 3411 833 3485 εἰς
860 3403 978 3473 τὸν
1003 3403 1324 3493 Βρόμιον,
2190 3409 2290 3468 375
2406 3367 2421 3477 ι1

902 3521 1008 3578 370
1025 3548 1100 3558 -
1116 3520 1437 3578 385--3386
1454 3547 1529 3559 -·
1546 3521 1648 3578 401
