2492 3900
235 155 356 219 158

105 2117 108 2120 ,
228 2054 365 2116 ΧΟ.

228 2257 363 2319 ΕΚ.

1099 160 1397 219 ΕΚΑΒΗ

452 319 492 394 ὂ
525 322 590 393 δ’
625 322 706 393 οὐ
733 326 962 395 θέλων
987 353 1059 395 τε
1085 328 1198 395 καὶ
1223 329 1449 395 θέλων
1477 337 1678 420 οἴκτῳ.
1704 329 1929 420 κόρης,

459 427 682 514 τέμνει
709 427 964 519 σιδήρῳ
991 427 1366 514 πνεύματος
1393 428 1737 518 διαρροάς·
1856 512 1867 521 ῃ

460 530 740 617 κρουνοὶ
768 525 831 597 δ’
866 528 1184 616 ἔχω’ρουν.
1242 520 1288 614 ἢ
1307 530 1382 597 δὲ
1408 531 1521 599 καὶ
1547 530 1918 618 θνήσκουσ’
1952 530 2135 622 ὅμως

463 628 718 718 πολλὴν
747 629 1073 719 πρόνοιαν
1103 629 1279 717 εἶχεν
1308 627 1653 719 εὐσχήμως
1680 649 1930 722 πεσεῖν,

457 729 829 817 κρύπτουσ’
865 728 909 800 ἃ
935 731 1260 821 κρύπτειν
1286 729 1524 819 ὄμματ’
1560 730 1865 823 ἀρσένων
1889 737 2130 824 χρεών.

461 835 603 901 ἐπεὶ
634 828 698 900 δ’
733 830 952 919 ἀφῆκε
979 840 1244 922 πνεῦμα
1270 841 1625 926 θανασίμω
1652 843 1900 959 σφαγῇ,
2134 855 2239 909 571

460 921 685 1014 οὐδεὶς
710 932 830 1003 τὸν
857 931 1066 1003 αὐτὸν
1097 934 1271 1023 εἶχεν
1292 932 1610 1023 Ἀργείων
1637 936 1879 1006 πόνον·

459 1032 606 1104 ἀλλ’
637 1043 710 1105 οἳ
728 1036 852 1123 μὲν
879 1033 1106 1106 αὐτῶν
1134 1035 1259 1124 τὴν
1285 1043 1639 1106 θανοῦσαν
1666 1040 1740 1107 ἐκ
1752 1065 1985 1137 χερων

460 1136 744 1224 φύλλοις
771 1144 1086 1225 ἔβαλλον,
1117 1145 1190 1209 οἳ
1209 1136 1287 1206 δὲ
1343 1143 1719 1227 πληροῦσιν
1760 1139 1985 1229 πυρὰν

458 1237 751 1357 κορμοὺς
779 1240 1098 1367 φέροντες
1127 1235 1584 1326 πευκίνους,’
1554 1267 1589 1308 ο
1620 1236 1685 1308 δ’
1720 1237 1801 1308 οὐ
1831 1244 2060 1364 φέρων
2130 1259 2239 1315 575

457 1336 624 1427 πρὸς
649 1346 770 1408 τοῦ
799 1341 1122 1429 φέροντος
1150 1336 1367 1409 τοιάδ’
1401 1335 1651 1428 ἤκουεν
1676 1342 1882 1409 κακά·

457 1443 768 1527 ἕστηκας,
800 1468 851 1507 ω
879 1440 1150 1511 κακιστε
1164 1448 1293 1530 ,τῆ
1322 1441 1585 1510 νεανιδι

450 1536 558 1626 [ου’
597 1539 852 1610 πέπλον
887 1541 1050 1611 οὐδὲ
1084 1544 1340 1630 κόσμον
1379 1547 1452 1612 ἐν
1484 1558 1709 1632 χεροῖν
1746 1549 1915 1631 ἔχων
1934 1542 1977 1631 3]

455 1636 581 1708 ούκ
611 1639 672 1709 εἶ
693 1666 758 1707 τι
787 1639 1026 1709 δώσων
1049 1648 1131 1729 τῇ
1161 1639 1423 1728 περίσσ’
1460 1638 1795 1733 εὐκαρδίςο

453 1741 677 1828 ψυχήν
703 1738 764 1809 τ’
795 1738 1065 1832 ἀρίστης
1103 1738 1318 1813 τοιάδ’
1352 1740 1525 1830 ἀμφὶ
1551 1750 1671 1830 σῆς
1697 1745 1916 1832 λέγων
2124 1759 2233 1814 580

451 1839 689 1922 παιδὸς
715 1842 1092 1932 θανούσης,
1125 1842 1624 1932 εύτεκνωτοὲτην
1652 1850 1693 1914 δ
1698 1846 1727 1914 ὲ
1754 1846 1829 1913 σὲ
1978 1856 1983 1859 ’

452 1952 686 2015 πασῶν
711 1953 1058 2033 γυναικῶν
1085 1946 1621 2034 δυστυχεστάτην
1649 1943 1773 2033 [θ’]
1806 1942 1963 2035 ὁρῶ.

455 2047 684 2117 δεινόν
717 2075 780 2116 τι
806 2055 991 2136 πῆμα
1017 2054 1423 2139 Πριαμίδαις
1451 2050 1709 2132 ἐπέζεσε

453 2148 646 2219 πόλει
671 2176 742 2218 τε
770 2145 945 2239 τήμῇ
969 2157 1156 2235 θεῶν
1185 2147 1553 2239 ἀναγκαῖον
1579 2149 1753 2218 τόδε.

448 2241 504 2318 τό
529 2250 865 2338 θύγατερ,
897 2248 1024 2320 οὐκ
1053 2248 1186 2321 οἶδ’
1222 2257 1317 2330 εἰς
1342 2247 1383 2319 δ’
1407 2279 1471 2320 τι
1500 2252 1725 2338 βλέψω
1754 2255 1983 2320 κακῶν
2123 2265 2229 2320 585

454 2359 724 2421 πολλῶν
752 2353 1106 2440 παρόντων
1125 2375 1139 2390 ·
1173 2348 1261 2440 ἦν
1285 2350 1415 2441 γὰρ
1446 2349 1725 2440 ἅψωμαί
1744 2380 1945 2440 τινος,

453 2449 596 2523 τόδ’
629 2449 755 2521 οὐκ
786 2455 862 2545 ἐᾷ
886 2482 1001 2542 με,
1033 2463 1405 2543 παρακαλεῖ
1430 2451 1494 2523 δ’
1527 2457 1793 2523 ἐκεῖθεν
1822 2443 1913 2522 αὖ

451 2555 628 2644 λύπη
655 2582 752 2636 τις
780 2552 946 2644 ἄλλη
979 2556 1283 2682 διάδοχος
1310 2563 1540 2624 κακῶν
1566 2571 1813 2636 κακοῖς.

449 2659 562 2726 καὶ
590 2664 723 2726 νῦν
748 2655 822 2726 τὸ
852 2658 976 2745 μὲν
1003 2657 1127 2728 σὸν
1155 2655 1324 2726 ω’στε
1350 2655 1439 2744 μὴ
1470 2659 1729 2726 στένειν
1756 2657 1976 2736 πάθος

450 2755 575 2827 οὐκ
603 2785 688 2826 αν
716 2763 1052 2846 δυναίμην
1081 2762 1557 2841 ἐξαλείψασθαι
1584 2758 1863 2848 φρενός·
2122 2773 2231 2828 590

449 2857 524 2927 τὸ
555 2855 617 2926 δ’
650 2885 738 2926 αυ
768 2865 922 2927 λίαν
950 2868 1258 2948 παρεῖλες
1286 2857 1693 2948 ἀγγελθεῖσα
1717 2887 1832 2947 μοι

447 2973 771 3049 γενναῖος.
811 2957 1068 3029 οὔκουν
1095 2961 1353 3049 δεινόν,
1387 2969 1450 3031 εἰ
1473 2969 1558 3050 γῆ
1585 2962 1708 3050 μὲν
1737 2989 1907 3049 κακη

449 3068 741 3148 τυχοῦσα
770 3069 1008 3153 καιροῦ
1034 3064 1293 3134 θεόθεν
1322 3091 1399 3134 ευ
1427 3063 1678 3151 σταχυν
1706 3065 1919 3154 φέρει,
2068 3140 2076 3143 ,

446 3161 693 3253 χρηστὴ
722 3161 788 3234 δ’
824 3160 1188 3256 ἆμαρτοῦσ’
1227 3157 1326 3235 οἷν
1352 3163 1570 3254 χρεων
1601 3163 1815 3254 αὐτὴν
1842 3176 2070 3250 τυχεῖν

447 3263 656 3334 κακὸν
686 3270 924 3336 δίδωσι
957 3268 1254 3357 καρπόν;
1291 3265 1645 3356 ἅνθρωποι
1672 3264 1739 3336 δ’
1774 3264 1881 3338 ἀεὶ
2121 3277 2227 3334 595

445 3364 480 3436 ὁ
509 3367 634 3454 μὲν
665 3367 959 3456 πονηρὸς
987 3367 1194 3439 οὐδὲν
1221 3366 1383 3438 ἄλλο
1412 3368 1589 3457 πλὴν
1616 3369 1838 3456 κακός,

445 3465 482 3537 ὁ
513 3466 576 3537 δ’
610 3466 852 3549 ἐσθλὸς
883 3467 1125 3550 ἐσθλὸς
1153 3467 1316 3540 οὐδὲ
1344 3478 1694 3560 συμφορᾶς
1722 3467 1853 3539 ὕπο
