2492 3900
928 182 1375 241 ΑΛΚΗΣΓΙΣ
2088 182 2168 247 27

390 367 618 432 κακοῖς
645 348 958 419 ἐλαύνειν
995 347 1477 442 ἀργυρώνητον
1506 356 1746 437 σέθεν;

391 451 517 533 οὐκ
555 450 757 523 οἶσθα
789 453 1134 526 Θεσσαλόν
1159 482 1242 542 με
1268 451 1445 524 κάπὸ
1474 463 1822 527 Θεσσαλοῦ

391 552 641 643 πατρὸς
667 560 928 641 γεγῶτα
959 562 1251 643 γνησίως
1288 556 1693 648 έλεύθερον;

383 655 556 746 ἄγαν
584 653 912 745 ὑβρίζεις,
942 659 1056 725 καὶ
1082 664 1355 739 νεανίας
1382 659 1624 747 λόγους

387 763 644 849 ῥίπτων
671 761 736 838 ἐς
763 754 934 845 ἡμᾶς
961 756 1044 827 οὐ
1079 757 1309 846 βαλών
1339 757 1551 841 οὕτως
1586 759 1760 831 ἄπει.
1854 791 1864 806 ‘
2064 778 2167 833 680

388 860 518 949 ἐγώ
550 863 631 929 δέ
655 856 710 928 σ’
742 869 952 929 οἴκων
979 862 1315 950 δεσπότην
1340 863 1701 953 ἐγεινάμην

387 958 695 1052 κᾶθρεψ’,
728 957 980 1049 ὀφείλω
1009 961 1076 1032 δ’
1113 960 1236 1051 οὐχ
1264 960 1766 1054 ὖπερθνήσκειν
1792 970 2027 1035 σέθεν·

385 1061 470 1133 οὐ
498 1063 626 1155 γὰρ
655 1070 968 1157 πατρῷον
995 1061 1180 1134 τόνδ’
1213 1066 1538 1153 ἐδεξάμην
1563 1063 1799 1154 νόμον,

387 1172 650 1235 παίδων
677 1164 1142 1255 προθνήσκειν
1167 1169 1488 1258 πατέρας,
1523 1164 1674 1237 οὐδ’
1700 1165 2106 1257 Ἑλληνικόν.

387 1274 614 1359 σαυτῷ
639 1266 770 1356 γὰρ
803 1276 935 1337 εἴτε
964 1268 1298 1357 δυστυχὴς
1326 1265 1434 1339 εἴτ’
1474 1266 1757 1358 εὐτυχὴς
2064 1287 2163 1342 685

387 1374 556 1455 ἔφυς
574 1392 588 1405 ·
621 1365 664 1437 ἃ
692 1366 757 1437 δ’
789 1366 981 1457 ἡμῶν
1006 1378 1176 1458 χρῆν
1202 1392 1279 1441 σε
1304 1372 1682 1459 τυγχάνειν,
1714 1379 1901 1459 ἔχεις.

381 1478 655 1540 πολλῶν
680 1470 806 1559 μὲν
833 1469 1091 1560 ἄρχεις,
1123 1476 1639 1562 πολυπλέθρους
1675 1476 1755 1543 δέ
1778 1495 1880 1543 σοι
1908 1474 2076 1563 γύας

385 1580 630 1655 λείψω·
677 1572 927 1663 πατρὸς
957 1572 1085 1664 γὰρ
1117 1571 1293 1643 ταῦτ’
1328 1575 1651 1664 ἐδεξάμην
1677 1575 1875 1665 πάρα.

381 1682 454 1744 τί
473 1676 642 1764 δῆτά
669 1673 735 1743 σ’
767 1672 1092 1764 ἠδίκηκας
1121 1683 1245 1745 τοῦ
1273 1673 1338 1745 σ’
1372 1674 1757 1765 ἀποστερεῖς

379 1774 471 1865 μὴ
527 1773 761 1864 θνῇσχ’
819 1774 991 1868 ὑπὲρ
1044 1776 1234 1847 τοῦδ’
1295 1776 1574 1868 ἀνδρός,
1642 1774 1793 1848 οὐδ’
1852 1777 1982 1867 ἐγώ
2032 1777 2160 1865 πρὸ

1065 1887 1209 1951 σοῦ.
2060 1896 2163 1949 690

375 1988 632 2069 χαίρεις
660 1978 843 2069 ὁρῶν
871 1988 1046 2069 φῶς·
1078 1985 1331 2073 πατέρα
1360 1980 1425 2052 δ’
1460 1981 1545 2051 οὐ
1573 1990 1833 2071 χαίρειν
1863 1987 2118 2064 δοκεῖς;

381 2073 426 2171 ἦ
452 2085 588 2171 μὴν
624 2083 842 2152 πολύν
871 2111 948 2171 γε
975 2080 1095 2153 τὸν
1127 2085 1305 2154 κάτω
1334 2092 1675 2172 λογίζομαι

379 2185 661 2273 χρόνον,
689 2183 764 2255 τὸ
795 2186 870 2254 δὲ
897 2193 1015 2275 ζῆν
1041 2187 1320 2275 μικρόν,
1352 2183 1487 2256 ἀλλ’
1520 2184 1699 2275 ὅμως
1726 2187 1964 2275 γλυκύ.

377 2285 471 2355 σὺ
500 2293 672 2374 γοῦν
699 2285 992 2368 ἀναιδῶς
1021 2287 1345 2377 διεμάχου
1372 2290 1445 2360 τὸ
1475 2289 1563 2378 μὴ
1592 2301 1857 2376 θανεῖν,

375 2390 494 2457 καὶ
519 2395 630 2478 ζῇς
658 2389 1024 2479 παρελθών
1052 2389 1176 2478 τὴν
1213 2394 1659 2480 πεπρωμένην
1685 2392 1916 2479 τύχην,
2059 2406 2160 2461 695

380 2490 631 2578 ταύτην
666 2493 992 2572 κατακτάς
1011 2515 1025 2529 ·
1060 2490 1180 2561 εἶτ’
1215 2492 1381 2581 ἐμὴν
1410 2490 1705 2580 ἀψυχίαν

379 2594 635 2680 λέγεις,
674 2591 996 2680 γυναικὸς
1035 2587 1090 2662 ὦ
1118 2592 1379 2663 κάκισθ’
1414 2591 1805 2683 ἡσσημένος,

376 2689 422 2780 ἢ
449 2701 570 2763 τοῦ
598 2703 811 2764 καλοῦ
839 2703 970 2765 σοῦ
997 2697 1397 2784 προύθανεν
1422 2703 1738 2778 νεανίου;

377 2803 609 2882 σοφῶς
638 2794 702 2865 δ’
735 2801 1020 2888 έφηῦρες
1048 2795 1217 2868 ὥστε
1245 2796 1338 2887 μὴ
1367 2810 1611 2868 θανεῖν
1639 2823 1820 2884 ποτε,

377 2903 444 2965 εἰ
467 2897 590 2986 τὴν
617 2907 972 2987 παροῦσαν
1003 2912 1374 2970 κατθανεῖν
1400 2908 1655 2980 πείσεις
1683 2897 1788 2970 ἀεὶ
2060 2911 2161 2965 700

373 2996 632 3088 γυναῖχ’
663 2997 835 3092 ὑπὲρ
863 3009 1019 3072 σοῦ·
1050 2993 1186 3093 κᾷτ’
1221 2999 1568 3086 ὀνειδίζεις
1598 3009 1819 3091 φίλοις

374 3117 514 3182 τοῖς
543 3102 634 3192 μὴ
662 3105 944 3173 θέλουσι
975 3109 1146 3188 δρᾶν
1174 3102 1348 3193 τάδ’,
1378 3103 1580 3186 αὐτὸς
1610 3101 1705 3174 ⁶312
1734 3098 1974 3182 κακός;

373 3210 531 3290 σίγα
550 3227 564 3242 ·
595 3205 820 3292 νόμιζε
848 3203 941 3293 δ’,
975 3213 1036 3275 εἰ
1060 3205 1146 3274 σύ
1181 3205 1307 3293 τὴν
1334 3215 1590 3276 σαυτοῦ
1620 3215 1838 3294 φιλεῖς

371 3307 631 3395 ψυχήν,
665 3316 893 3394 φιλεῖν
923 3305 1251 3388 ἅπαντας·
1288 3317 1351 3379 εἰ
1374 3306 1443 3378 δ’
1476 3305 1646 3397 ἡμᾶς
1682 3313 1902 3384 κακῶς

371 3410 582 3496 ἐρεῖς,
613 3406 891 3479 ἀκούσει
920 3407 1135 3480 πολλὰ
1162 3408 1291 3479 κού
1318 3417 1539 3499 ψευδῆ
1570 3411 1761 3480 κακά.
2056 3417 2155 3472 705

141 3517 282 3578 XO.
368 3517 576 3580 πλείω
607 3515 909 3582 λέλεκται
936 3519 1070 3581 νῦν
1095 3538 1168 3580 τε
1193 3514 1307 3581 καὶ
1335 3511 1415 3582 τὰ
1443 3514 1605 3603 πρὶν
1633 3511 1835 3581 κακά·
