2492 3900
201 1341 349 1403 XO.

202 1445 342 1506 XO.

207 1544 348 1603 XO.

205 1949 349 2012 XO.

204 2153 344 2216 ΑΓ.

1051 150 1375 207 BAKXAI
2090 147 2211 211 129

419 320 569 397 νέος
596 313 632 385 ὁ
668 314 908 404 μόσχος
938 312 1064 405 ἅρ-
2087 337 2213 389 1135

428 447 494 489 τι
519 419 728 507 γένυν
757 413 890 487 ὑπὸ
921 414 1160 506 κόρυθ’
1193 414 1605 505 ἁπαλότριχα

435 520 812 608 κατάκομον
839 518 1097 588 θάλλει.

330 676 344 691 .
428 624 668 711 πρέπει
695 618 822 710 γὰρ
855 616 1024 689 ῶστε
1051 618 1267 711 θηρὸς
1298 617 1646 710 ἀγραύλου
1674 619 1878 708 φόβη.

424 722 460 793 ὁ
489 723 774 809 Βάκχιος
801 725 1173 809 κυναγέτας

435 822 645 913 σοφὸς
674 831 900 912 σοφῶς
931 821 1267 912 άνέπηλεν
1294 826 1405 895 ἐπὶ
1436 823 1620 915 θήρᾳ
2080 840 2213 893 1190

433 932 634 996 τοῦδε
669 926 1050 1006 Μαινάδας.

334 1081 348 1096 .
379 1092 388 1101 .
433 1025 468 1097 ὃ
503 1026 632 1117 γὰρ
665 1025 826 1109 ἄναξ
864 1024 1127 1116 ἀγρεύς.

426 1132 753 1212 ἐπαινεῖςς
859 1136 1003 1197 ΧΟ.
1041 1134 1111 1197 τί
1137 1124 1202 1197 δ’
1238 1130 1490 1199 ἐπαινῶ
1511 1157 1528 1209 3

425 1228 586 1318 τάχα
613 1231 689 1299 δὲ
714 1236 1043 1319 Καδμεῖοι

433 1334 547 1401 καὶ
575 1348 730 1413 παῖς
755 1360 834 1420 γε
864 1331 1182 1413 Πενθεὺς
1211 1328 1430 1419 ματέρ’
1522 1336 1662 1399 ΑΓ.
1700 1333 2135 1418 ἐπαινέσεται,

437 1441 781 1522 λαβοῦσαν
810 1432 1028 1525 ἄγραν
1075 1442 1214 1505 ΑΓ.
1255 1438 1457 1505 τάνδε
1486 1442 1871 1523 λεοντοφυῆ
2079 1450 2215 1507 1196

431 1534 758 1625 περισσὰν
803 1542 944 1605 ΑΓ.
974 1542 1324 1626 περισσῶς.
1388 1544 1533 1605 ΧΟ.
1565 1532 1875 1625 άγάλλει;
1929 1545 2066 1607 ΑΓ.
2099 1539 2213 1625 γε’-

1119 1648 1302 1726 νηθα

436 1738 690 1826 μεγάλα
719 1740 972 1827 μεγάλα
1001 1739 1116 1808 καὶ

440 1839 701 1930 φανερὰ
729 1837 880 1932 τᾷδ’
912 1838 1086 1932 ἄγρᾳ
1114 1842 1660 1929 κατειργασμένα.

436 1942 655 2026 δεῖξόν
684 1972 852 2031 νυν,
891 1934 944 2012 ῶ
979 1943 1291 2030 τάλαινα,
1328 1941 1457 2030 σὴν
1490 1941 1867 2031 νικηφόρον
2076 1960 2211 2012 1200

441 2042 742 2114 ἀστοῖσιν
771 2042 988 2136 ἄγραν
1018 2041 1107 2133 ἣν
1141 2041 1427 2136 φέρουσ’
1460 2044 1813 2132 ἐλήλυθας.

428 2137 482 2215 ῶ
518 2154 978 2237 καλλίπυργον
1007 2144 1174 2217 ἄστυ
1203 2154 1503 2236 Θηβαίας
1526 2146 1778 2235 χθονὸς

438 2255 777 2337 ναίοντες,
806 2246 1033 2319 ἔλθεθ’
1073 2246 1164 2330 ῶς
1193 2256 1379 2339 ἴδητε
1406 2246 1596 2338 τήνδ’
1631 2247 1867 2339 ἄγραν,

436 2349 720 2439 Κάδμου
741 2354 1114 2442 θυγατέρες
1144 2351 1361 2441 θηρὸς
1386 2348 1473 2440 ἢν
1510 2348 1933 2441 ἠγρεύσαμεν

439 2450 565 2522 οὐκ
593 2450 997 2542 ἀγκυλητοῖς
1041 2461 1405 2524 Θεσσαλῶν
1438 2454 1904 2541 στοχάσμασιν,
2070 2469 2204 2522 1205

441 2553 523 2623 οὐ
559 2554 966 2644 δικτύοισιν,
994 2553 1164 2627 ἀλλὰ
1196 2556 1635 2643 λευκοπήχεσι

438 2664 681 2747 χειρῶν
709 2653 1001 2746 ἀκμαῖσι.
1065 2649 1235 2752 κᾷτα
1263 2657 1624 2746 κομπάζειν
1660 2659 1875 2744 μάτην

435 2759 547 2826 καὶ
576 2767 993 2846 λογχοποιῶν
1017 2758 1275 2852 ὄργανα
1304 2766 1592 2829 κτᾶσθαι
1620 2757 1868 2849 χρεῶνς

439 2856 628 2947 ἡμεῖς
672 2864 754 2930 δέ
782 2863 852 2949 γ’
890 2863 1066 2955 αὐτῇ
1101 2867 1270 2955 χειρὶ
1302 2864 1498 2935 τόνδε
1531 2864 1607 2934 θ’
1648 2870 1910 2954 εἵλομεν

431 2968 636 3050 χωρίς
668 2988 740 3031 τε
765 2962 982 3053 θηρὸς
1016 2961 1244 3056 ἄρθρα
1271 2965 1786 3057 διεφορήσαμεν.
2075 2979 2207 3031 1210

434 3070 569 3132 ποῦ
596 3091 709 3151 μοι
743 3063 959 3154 πατὴρ
992 3062 1028 3135 ὁ
1059 3069 1387 3156 πρέσβυςς
1418 3070 1669 3136 ἐλθέτω
1704 3069 1925 3145 πέλας.

434 3165 750 3247 Πενθεύς
777 3163 826 3234 τ’
865 3165 1021 3255 ἐμὸς
1047 3184 1201 3250 παῖς
1235 3176 1372 3240 ποῦ
1400 3168 1604 3253 ’στινς
1648 3170 1946 3260 αἰρέσθω
1976 3164 2204 3255 λαβών

432 3274 708 3354 πηκτῶν
734 3267 904 3358 πρὸς
931 3280 1156 3353 οἴκους
1189 3272 1537 3360 κλιμάκων
1556 3270 2067 3363 προσαμβάσεις,

434 3364 524 3448 ῶς
553 3372 982 3464 πασσαλεύσῃ
1010 3381 1220 3465 κρᾶτα
1245 3373 1640 3466 τριγλύφοις
1666 3374 1821 3443 τόδε

427 3473 700 3554 λέοντος
726 3469 807 3542 ὃν
836 3475 1108 3567 πάρειμι
1134 3477 1471 3569 θηράσασ’
1506 3476 1657 3567 ἐγώ.
2073 3489 2203 3542 1215

357 3589 547 3631 avan».
591 3593 720 3633 vot..
766 3577 806 3632 1.
1828 3571 1871 3632 9
