2492 3900
1039 143 1368 203 ΒΑΚΧΑΙ
2055 142 2172 209 111

286 396 296 407 ⁶
393 304 548 403 ᾖσσ’
594 317 808 383 ἐκεῖσε
870 303 1006 404 κᾷτ’
1056 316 1303 399 ἐκεῖσε,
1364 314 1622 401 δμωσὶν
1668 309 1994 406 Ἀχελῷον
2050 318 2177 403 <pg-

158 2775 289 2839 ΠΕ

0 3351 26 3374 ,
157 3289 284 3350 AI.

157 3391 305 3454 HE.

156 3495 284 3556 AI.

1127 443 1228 484 ειν
2074 434 2175 489 625

395 520 716 606 ἐννέπων,
739 514 911 599 ἅπας
931 514 997 588 δ’
1019 443 1290 609 ἐνρέργςο
1311 522 1554 597 δοῦλος
1575 507 1661 604 ἦν
1679 518 1895 607 μάτην
1920 526 2172 590 πονῶν.

394 622 741 708 διαμεθεὶς
770 620 847 689 δὲ
878 620 1075 691 τόνδε
1102 619 1387 708 μόχθον,
1419 616 1508 701 ὥς
1537 623 1705 708 ἐμοῦ
1733 620 2172 709 πεφευγότος,

393 727 561 791 ἵεται
587 725 780 810 ξίφος
809 720 1124 792 κελαινὸν
1153 718 1457 812 ἁρπάσας
1485 720 1714 809 δόμων
1744 729 1893 793 ἔσω.

395 814 548 914 κᾷθ’
582 821 617 894 ὁ
648 823 972 915 Βρόμιος,
1005 820 1094 907 ὥς
1123 830 1349 913 ἔμοιγε
1378 831 1714 913 φαίνεται,
1744 825 1949 907 δόξαν
1976 827 2172 915 λέγω,

395 922 594 1015 φάσμ’
629 930 942 1016 ἐποίησεν
969 923 1106 996 κατ’
1141 922 1390 1015 αὐλήν·
1422 922 1458 996 3
1492 924 1555 996 δ’
1576 930 1685 997 ἐπὶ
1721 924 1909 997 τοῦθ’
1946 923 2175 1017 ὥρμη-

1080 1031 1277 1118 μένος
2074 1046 2176 1101 630

395 1120 556 1220 ᾖσσε
585 1129 893 1202 κάκέντει
921 1130 1223 1220 φαεννὸν
1251 1128 1491 1221 αἰθέρ’,
1522 1127 1611 1211 ὣς
1639 1132 1911 1219 σφάζων
1938 1135 2071 1221 ἐμέ.

393 1232 560 1322 πρὸς
603 1235 678 1303 δὲ
726 1230 939 1305 τοῖσδ’
987 1230 1171 1326 αὐτῷ
1213 1230 1363 1303 τάδ’
1398 1231 1565 1303 ἄλλα
1604 1232 1893 1322 Βάκχιος
1933 1242 2175 1323 λυμαί-

1079 1363 1267 1405 νεται
1288 1359 1301 1373 ·

395 1435 634 1529 δώματ’
671 1442 949 1530 ἔρρηξεν
975 1446 1251 1528 χαμᾶζε·
1303 1438 1861 1529 συντεθράνωται
1892 1436 1957 1508 δ’
1994 1434 2173 1509 ἅπαν

399 1541 842 1631 πικροτάτους
883 1541 1097 1612 ἰδόντι
1139 1540 1428 1629 δεσμοὺς
1470 1538 1630 1622 τοὺς
1670 1542 1905 1629 ἐμούς·
1960 1540 2174 1611 κόπου

1087 1641 1152 1714 δ’
1187 1639 1323 1713 ὕπο

394 1748 740 1832 διαμεθεὶς
793 1748 986 1835 ξίφος
1043 1762 1372 1836 παρεῖται.
1454 1745 1621 1836 πρὸς
1675 1744 1846 1816 θεὸν
1903 1742 2033 1834 γὰρ
2077 1739 2175 1825 αἲν

1081 1845 1253 1937 ἀνὴρ
2074 1862 2174 1917 635

394 1956 486 2030 εἰς
511 1947 730 2039 μάχην
759 1955 989 2022 ἐλθεῖν
1017 1946 1331 2039 ἐτόλμησ’
1352 1972 1367 1987 ·
1423 1944 1671 2036 ἥσυχος
1712 1945 1777 2018 δ’
1815 1946 2013 2037 ἐκβὰς
2042 1946 2171 2038 ἐγώ

390 2052 720 2141 δωμάτων
745 2049 890 2141 ἥκω
919 2051 1089 2143 πρὸς
1108 2047 1303 2140 ὑμᾶς,
1318 2051 1647 2130 Πενθέως
1668 2046 1752 2120 οὐ
1784 2057 2170 2140 φροντίσας.

394 2151 481 2236 ὥς
509 2157 592 2224 δέ
611 2182 727 2242 μοι
753 2160 969 2242 δοκεῖ,
1011 2170 1226 2244 ψοφεῖ
1252 2160 1425 2244 γοῦν
1466 2149 1729 2244 ἀρβύλη
1760 2152 1990 2241 δόμων
2018 2159 2171 2241 ἔσω,

395 2263 487 2338 εἰς
517 2254 839 2346 προνώπι’
886 2254 1092 2346 αὐτίχ’
1137 2255 1301 2347 ἥξει.
1375 2263 1447 2326 τί
1474 2250 1614 2326 ποτ’
1662 2251 1764 2345 ἄρ’
1814 2259 1887 2326 ἐκ
1914 2255 2174 2326 τούτων

1157 2389 1188 2430 ε
1236 2393 1251 2407 ·
1684 2425 1689 2430 .

393 2461 642 2553 ῥᾳδίως
659 2461 789 2554 γὰρ
811 2461 1022 2535 αὐτὸν
1042 2364 1374 2550 oi'goei’uaev
1394 2464 1620 2532 πνέων
1640 2467 1811 2550 ἔλθῃ
1837 2464 2026 2549 μέγα.
2070 2474 2175 2530 640

393 2561 560 2653 πρὸς
588 2571 808 2653 σοφοῦ
839 2562 968 2654 γὰρ
1012 2562 1265 2653 ἀνδρὸς
1294 2561 1529 2633 ἀσκεῖν
1556 2559 1848 2651 σώφρον’
1884 2558 2174 2649 εὐοργη-

1083 2672 1260 2736 σίαν.

389 2769 701 2839 πέπονθα
727 2770 949 2840 δεινά·
999 2770 1418 2857 διαπέφευγέ
1437 2764 1498 2856 μ’
1530 2763 1567 2836 ὃ
1597 2768 1801 2853 ξένος,

395 2865 467 2950 ὃς
495 2867 644 2960 άρτι
670 2877 939 2960 δεσμοῖς
965 2862 1054 2957 ἦν
1081 2871 1729 2960 κατηναγκασμένος.

397 2979 470 3041 ἔα
499 2978 606 3042 ἔα·

396 3070 503 3143 δ’δ’
537 3076 718 3145 ἐστὶν
745 3070 949 3166 ἁνήρ·
984 3082 1057 3146 τί
1079 3075 1275 3159 τάδε;
1312 3081 1454 3155 πῶς
1490 3070 1876 3164 προνώπιος
2072 3083 2169 3138 645

396 3183 627 3265 φαίνει
653 3180 824 3269 πρὸς
851 3187 1061 3259 οἴκοις
1088 3193 1226 3259 τοῖς
1256 3181 1469 3265 ἐμοῖς,
1499 3178 1623 3258 ἔξω
1649 3173 1905 3263 βεβώςς

392 3286 641 3368 στῆσον
670 3277 851 3369 πόδ’,
883 3277 1054 3372 ὀργῇ
1086 3277 1151 3350 δ’
1186 3277 1446 3360 ὑπόθες
1472 3275 1727 3368 ἥσυχον
1756 3275 1952 3346 πόδα.

391 3383 613 3453 πόθεν
639 3383 728 3454 σὺ
762 3382 975 3471 δεσμὰ
1013 3380 1372 3471 διαφυγών
1400 3384 1523 3465 ἔξω
1552 3386 1797 3472 περᾷς;

394 3481 519 3556 οὐκ
551 3485 742 3562 εἷπον
770 3481 814 3576 ἦ
842 3482 968 3557 οὐκ
996 3481 1293 3574 ἤκουσας
1321 3481 1427 3555 ὅτι
1454 3483 1645 3554 λύσει
1674 3483 1761 3571 μέ
1782 3507 1917 3562 τις;
