2492 3900
342 136 470 201 374
1156 137 1564 197 ΙΚΕΤΙΔΕΣ
2393 0 2445 297 1

571 311 647 379 τὸ
678 308 806 399 γὰρ
835 305 1194 377 θανόντων
1219 306 1477 374 τέκνων

575 410 901 481 ἐπίπονόν
925 438 988 478 τι
1015 404 1182 478 κατὰ
1210 422 1537 495 γυναῖκας

573 518 667 593 εἰς
694 512 894 599 γόους
923 513 1188 598 πέφυκε
1215 509 1455 589 πάθος.
1526 512 1561 579 ἒ
1587 516 1622 577 ἒ
1635 531 1649 545 ·
2294 532 2358 586 85

571 622 880 683 θανοῦσα
907 609 1114 682 τῶνδ’
1146 608 1409 699 ἀλγέων
1435 617 1793 699 λαθοίμαν.

343 724 491 787 ΘΗ.
578 724 784 785 τίνων
815 713 1016 801 γόους
1049 713 1307 800 ἥκουσα
1343 714 1452 782 καὶ
1490 715 1785 800 στέρνων
1819 716 2079 787 κτύπον

575 824 838 906 νεκρῶν
865 844 936 885 τε
963 814 1303 904 θρήνους,
1334 811 1540 883 τῶνδ’
1571 810 1969 905 ἀνακτόρων
1999 812 2133 886 ἄπο

572 917 734 1006 ἠχῆς
775 918 1042 1005 ίούσης;
1080 915 1168 997 ῶς
1219 915 1428 1003 φόβος
1461 913 1534 1005 μ’
1569 913 1939 1006 ἀναπτεροῖ

570 1020 662 1109 μή
689 1028 811 1109 μοί
834 1048 897 1088 τι
923 1019 1169 1109 μήτηρ,
1200 1014 1289 1105 ἣν
1313 1025 1715 1106 μεταστείχω
1745 1021 1905 1088 ποδὶ
2300 1038 2363 1090 90

574 1129 854 1212 χρονίαν
882 1118 1189 1193 ἀποῦσαν
1219 1124 1293 1189 ἐκ
1320 1120 1581 1209 δόμων,
1614 1127 1729 1210 ἔχῃ
1754 1122 1934 1191 νέον.

574 1232 649 1294 ἔα
667 1247 680 1262 ·

571 1332 646 1395 τί
663 1333 915 1417 χρῆμα,
945 1323 1178 1406 καινὰς
1209 1322 1515 1413 εἰσβολὰς
1543 1321 1678 1413 ὁρῶ
1710 1326 1913 1413 γόων,

571 1431 821 1516 μητέρα
851 1426 1130 1517 γεραιὰν
1156 1434 1420 1516 βωμίαν
1446 1429 1788 1516 ἐφημένην

573 1531 763 1611 ξένας
797 1531 871 1598 θ’
909 1530 1079 1618 ὁμοῦ
1133 1544 1493 1617 γυναῖκας,
1522 1526 1647 1616 οὐχ
1676 1532 1794 1599 ἕνα
1824 1528 2096 1619 ῥυθμὸν

573 1637 801 1700 κακῶν
828 1629 1105 1719 ἐχούσας
1124 1652 1139 1667 ·
1172 1639 1246 1701 ἔκ
1276 1659 1347 1700 τε
1377 1630 1505 1721 γὰρ
1538 1639 1922 1719 γερασμίων
2293 1648 2363 1705 95

571 1730 793 1803 ὅσσων
821 1731 1182 1803 ἐλαύνουσ’
1215 1731 1484 1822 οἰκτρὸν
1516 1740 1609 1815 εἰς
1637 1748 1835 1821 γαῖαν
1865 1734 2107 1822 δάκρυ,

569 1837 812 1926 κουραὶ
840 1835 916 1905 δὲ
943 1836 1056 1905 καὶ
1083 1832 1466 1924 πεπλῶματ’
1500 1833 1584 1905 οὐ
1612 1836 1929 1925 θεωρικά.

569 1945 642 2010 τί
663 1945 905 2028 ταῦτα,
936 1944 1178 2029 μῆτερ;
1206 1936 1329 2008 σὸν
1357 1935 1428 2008 τὸ
1458 1937 1745 2027 μηνύειν
1776 1941 1939 2027 ἐμοί,

570 2039 762 2130 ἡμῶν
790 2039 854 2112 δ’
889 2039 1194 2111 ἀκούειν·
1225 2046 1579 2131 προσδοκῶ
1608 2070 1671 2110 τι
1698 2040 1826 2132 γὰρ
1855 2043 2034 2110 νέον.

342 2149 462 2212 ΑΙ.
570 2135 626 2213 ῶ
653 2157 805 2231 παῖ,
835 2159 1151 2231 γυναῖκες
1178 2149 1326 2213 αἵδε
1358 2145 1636 2232 μητέρες
1664 2146 1917 2212 τέκνων
2258 2161 2357 2214 100

573 2252 709 2314 τῶν
740 2245 1222 2314 κατθανόντων
1251 2243 1425 2335 ἀμφὶ
1452 2251 1792 2334 Καδμείας
1820 2245 2031 2326 πύλας

573 2343 736 2416 ἑπτὰ
761 2353 1179 2434 στρατηγῶν·
1212 2351 1487 2428 ἱκεσίοις
1514 2349 1591 2418 δὲ
1616 2345 1749 2417 σὺν
1775 2348 2048 2428 κλάδοις

570 2453 962 2539 φρουροῦσί
983 2445 1082 2536 μ’,
1120 2444 1208 2530 ῶς
1242 2451 1601 2539 δέδορκας,
1632 2454 1706 2520 έν
1734 2451 1997 2542 κύκλῳ,
2030 2453 2295 2521 τέκνον.

341 2559 488 2622 ΘΗ.
572 2559 672 2633 τίς
700 2546 766 2621 δ’
802 2547 838 2621 ὁ
868 2551 1202 2635 στενάζων
1231 2550 1504 2642 οἰκτρὸν
1533 2555 1608 2622 ἐν
1634 2551 1877 2634 πύλαις
1904 2548 2062 2636 ὅδε;

338 2661 460 2721 ΑΙ.
548 2652 952 2742 Ἄδραστος,
986 2651 1074 2734 ῶς
1101 2656 1449 2742 λέγουσιν,
1472 2649 1793 2743 Ἀργείων
1825 2651 2008 2737 ἅναξ.
2257 2673 2355 2726 105

341 2761 488 2823 ΘΗ.
577 2761 648 2826 οἱ
672 2753 736 2825 δ’
769 2752 942 2844 ἀμφὶ
969 2757 1165 2826 τόνδε
1193 2762 1426 2838 παῖδες
1454 2747 1497 2845 ἦ
1526 2757 1764 2827 τούτου
1795 2759 2027 2839 τέκνα;

338 2864 461 2924 ΑΙ.
566 2854 691 2926 οὔκ
708 2908 727 2943 ,
759 2854 928 2926 ἀλλὰ
956 2866 1219 2946 νεκρῶν
1245 2866 1382 2928 τῶν
1410 2856 1763 2930 ὀλωλότων
1789 2860 1996 2950 κόροι.

276 2963 281 2969 ’
339 2965 486 3027 ΘΗ.
569 2965 640 3026 τί
661 2956 788 3049 γὰρ
820 2956 986 3048 πρὸς
1013 2956 1184 3047 ἡμᾶς
1213 2953 1431 3049 ἦλθον
1460 2967 1677 3054 ἱκεσίᾳ
1704 2970 1857 3051 χερί
1866 2992 1883 3045 3

338 3068 458 3130 ΑΙ.
567 3055 702 3129 οἷδ’
723 3083 738 3097 ·
771 3057 939 3130 ἀλλὰ
967 3068 1182 3132 τῶνδε
1209 3071 1432 3151 μῦθος
1460 3061 1872 3152 οὑντεῦθεν,
1902 3065 2160 3134 τέκνον.

339 3169 485 3230 ΘΗ.
566 3162 643 3232 σὲ
671 3159 790 3232 τὸν
819 3164 1070 3254 κατήρη
1099 3171 1466 3253 χλανιδίοις
1492 3163 1842 3257 ἀνιστορῶ.
2243 3182 2347 3235 110

566 3262 707 3353 λέγ’
740 3267 1118 3350 ἐκκαλύψας
1147 3273 1358 3357 κρᾶτα
1385 3271 1500 3339 καὶ
1527 3270 1761 3358 παρεὶς
1789 3267 1983 3357 γόον·

566 3372 774 3457 πέρας
802 3366 932 3455 γὰρ·
961 3367 1168 3438 οὐδὲν
1193 3368 1287 3457 μὴ
1316 3369 1429 3438 διὰ
1458 3370 1760 3460 γλῶσσης
1796 3377 1922 3441 ἰόν.

337 3476 483 3532 ΑΔ.
574 3459 628 3535 ῶ
655 3475 997 3538 καλλίνικε
1030 3477 1146 3557 γῆς
1167 3467 1552 3557 Ἀθηναίων
1582 3470 1767 3559 ἅναξ,
