2492 3900
865 694 1494 765 ΕΥΡΙΠΙΔΟΥ

697 837 1670 981 HAEKTPA

169 1334 315 1394 AT.
391 1315 469 1392 Ὠ
499 1331 619 1413 γῆς
646 1324 934 1394 παλαιὸν
952 1322 1230 1415 Ἄργος,
1254 1322 1508 1413 Ἰνάχου
1538 1330 1709 1414 ῥοαί,

402 1422 571 1494 ὅθεν
598 1422 745 1496 ποτ’
780 1422 945 1514 ἄρας
972 1430 1168 1497 ναυσὶ
1200 1435 1443 1514 χιλίαις
1460 1425 1628 1517 ’Ἀρη

408 1533 499 1606 είς
528 1533 655 1614 γῆν
683 1535 965 1597 ἔπλευσε
1002 1528 1265 1621 Τρῳάδ’
1304 1528 1732 1617 Ἀγαμέμνων
1761 1526 1944 1612 ἅναξ.

406 1636 666 1710 κτείνας
696 1629 771 1698 δὲ
803 1628 921 1698 τὸν
948 1628 1294 1719 κρατοῦντ’
1332 1634 1405 1700 ἐν
1431 1628 1640 1724 Ἰδαίᾳ
1683 1634 1883 1718 χθονὶ

404 1738 716 1819 Πρίαμον
744 1730 915 1800 ἑλών
942 1749 1012 1800 τε
1040 1733 1407 1823 Δαρδάνου
1435 1731 1710 1820 κλεινὴν
1738 1732 1957 1819 πόλιν,
2156 1753 2185 1802 5

405 1827 672 1919 ἀφίκετ’
708 1840 801 1912 εἰς
830 1832 969 1903 τόδ’
993 1831 1270 1924 ”Αργος,
1301 1830 1586 1922 ὑψηλῶν
1614 1829 1677 1902 δ’
1707 1835 1815 1901 ἐπὶ
1851 1882 1860 1892 -

404 1941 591 2002 ναῶν
617 1936 882 2006 τέθεικε
908 1943 1122 2005 σκῦλα
1152 1944 1425 2005 πλεῖστα
1452 1934 1834 2024 βαρβάρων.

407 2032 604 2105 κάκεῖ
623 2036 747 2124 μὲν
768 2035 1177 2127 ηὕτύχησεν·
1212 2041 1286 2106 ἐν
1316 2037 1392 2106 δὲ
1419 2036 1678 2122 δώμασι

408 2138 690 2225 θνήσκει
718 2138 1037 2225 γυναικὸς
1065 2138 1230 2228 πρὸς
1259 2136 1853 2226 Κλυταιμνήστρας
1884 2137 2059 2230 δόλῳ

405 2240 516 2307 καὶ
543 2247 664 2309 τοῦ
694 2243 995 2310 Θυέστου
1024 2240 1262 2322 παιδὸς
1281 2248 1620 2327 Αἰγίσθου
1648 2244 1812 2327 χερί.
2119 2258 2188 2309 10

406 2340 499 2427 χῶ
526 2341 650 2428 μὲν
678 2342 927 2411 παλαιὰ
957 2350 1258 2432 σκῆπτρα
1297 2341 1639 2411 Ταντάλου
1670 2337 1886 2409 λιπών

410 2439 696 2533 ὄλωλεν,
729 2454 1057 2531 Αἴγισθος
1084 2444 1158 2513 δὲ
1185 2444 1529 2532 βασιλεύει
1556 2438 1825 2529 χθονός,

409 2540 649 2630 ἄλοχον
675 2548 941 2615 ἐκείνου
978 2552 1366 2635 Τυνδαρίδα
1394 2545 1604 2632 κόρην
1633 2550 1822 2629 ἔχων.

411 2641 529 2723 οὒς
558 2644 624 2713 δ’
658 2650 731 2715 ἐν
758 2648 1058 2735 δόμοισιν
1097 2644 1300 2735 ἔλιφ’,
1340 2642 1438 2717 ὅτ’
1479 2652 1576 2726 εἰς
1624 2652 1873 2735 Τροίαν
1908 2650 2131 2732 ἔπλει,

410 2742 658 2835 ἄρσενά
686 2744 747 2815 τ’
782 2745 1097 2835 Ὀρέστην
1126 2747 1310 2833 θῆλύ
1339 2742 1399 2814 τ’
1431 2742 1782 2832 Ἠλέκτρας
1809 2740 2039 2829 θάλος,
2129 2759 2189 2809 15

412 2846 530 2916 τὸν
555 2847 679 2934 μὲν
707 2847 956 2937 πατρὸς
982 2847 1249 2937 γεραιὸς
1279 2850 1618 2916 ἐκκλέπτει
1646 2841 1937 2932 τροφεὺς

363 2980 370 2986 ·
407 2943 735 3032 [μέλλοντ’
751 2948 1067 3039 Ὀρέστην
1095 2948 1288 3039 χερὸς
1321 2946 1437 3018 ὕπ’
1471 2954 1811 3035 Αἰγίσθου
1841 2938 2136 3027 θανεῖν,]

413 3057 733 3141 Στροφίῳ
763 3047 811 3119 τ’
844 3057 1053 3120 ἔδωκε
1081 3054 1378 3120 Φωκέων
1409 3057 1499 3129 εἰς
1527 3056 1654 3137 γῆν
1680 3050 1981 3135 τρέφειν·

407 3147 452 3237 ἢ
479 3147 545 3219 δ’
579 3155 651 3219 ἐν
679 3152 909 3238 δόμοις
936 3159 1200 3239 ἔμεινεν
1229 3152 1547 3240 Ἠλέκτρα
1572 3147 1840 3237 πατρός,

407 3252 659 3340 ταύτην
688 3252 919 3341 ἐπειδὴ
947 3252 1235 3343 θαλερὸς
1265 3251 1386 3340 εἶχ’
1418 3249 1585 3339 ἥβης
1612 3251 1870 3340 χρόνος,
2120 3262 2194 3314 20

410 3361 781 3444 μνηστῆρες
807 3352 1017 3446 ᾔτουν
1038 3353 1348 3435 Ἑλλάδος
1374 3360 1624 3443 πρῶτοι
1653 3348 1920 3439 χθονός.

413 3460 638 3537 δείσας
666 3456 741 3526 δὲ
768 3457 859 3546 μή
888 3485 979 3551 τῳ
1008 3454 1191 3526 παῖδ’
1226 3454 1552 3546 ἀριστέων
1579 3455 1758 3523 τέκοι

347 3573 531 3613 evum.
577 3576 704 3617 vox..
745 3560 787 3615 1.
1781 3547 1859 3610 16
