2492 3900
350 171 429 233 28
1133 176 1585 237 ΑΛΚΗΣΤΙΣ

577 352 828 414 παῦσαι
857 344 964 427 δέ,
996 343 1289 430 πρέσβυ,
1310 348 1526 412 παῖδα
1552 343 1677 413 σὸν
1705 354 2169 435 κακορροθῶν.

351 456 495 513 ΑΔ.
579 443 736 533 λέγ’,
768 441 857 523 ὥς
886 446 1052 531 ἐμοῦ
1080 446 1388 525 λέξαντος
1406 468 1419 481 ·
1454 452 1518 518 εἰ
1542 443 1608 515 δ’
1643 443 1867 533 ἀλγεῖς
1892 447 2123 516 κλύων

575 544 895 635 τάληθές,
927 542 1011 619 οὐ
1037 553 1208 635 χρῆν
1235 543 1301 614 σ’
1338 552 1430 627 εἰς
1460 543 1550 635 ἔμ’
1593 548 2087 637 ἐξαμαρτάνειν.

347 656 484 716 ΦΕ.
575 655 702 717 σοῦ
733 645 796 717 δ’
830 642 916 716 ἀν
944 646 1399 735 προθνήσκων
1426 655 1679 737 μᾶλλον
1711 650 2181 739 ἐξημάρτανον.
2252 669 2354 725 710

353 760 491 817 ΑΔ.
572 748 820 819 ταύτὸν
848 745 975 837 γὰρ
1003 745 1253 836 ἡβῶντ’
1288 746 1505 837 ἄνδρα
1533 753 1646 820 καὶ
1674 754 1978 840 πρέσβυν
2003 763 2286 837 θανεῖν;

345 860 483 919 ΦΕ.
565 859 745 940 ψυχῇ
774 856 894 941 μιᾷ
919 856 1066 938 ζῆν,
1098 849 1181 919 οὐ
1213 856 1409 921 δυοῖν
1438 850 1821 941 ὀφείλομεν.

344 963 493 1021 ΑΔ.
576 956 689 1021 καὶ
714 953 849 1041 μὴν
875 952 1044 1033 Διός
1070 979 1148 1040 γε
1175 950 1411 1041 μείζον’
1444 950 1529 1022 ἀν
1556 956 1722 1047 ζῴης
1748 955 2015 1045 χρόνον.
2262 991 2362 1040 ⁷13

349 1070 488 1130 ΦΕ.
569 1054 718 1128 ἀλλ’
758 1059 837 1129 οὐ
864 1060 947 1128 συ
977 1059 1215 1148 νεκρόν
1251 1058 1315 1147 γ’
1350 1058 1499 1129 ἀντὶ
1518 1065 1646 1130 σοῦ
1669 1055 1861 1131 τόνδ’
1889 1062 2208 1151 ἐκφέρεις.
2266 1082 2370 1133 716

346 1172 496 1231 AA.
571 1176 809 1249 σημεῖα
842 1166 958 1248 τῆς
997 1166 1151 1247 σῆς,
1191 1189 1242 1228 ω
1279 1159 1561 1248 κάκιστ’,
1598 1159 1904 1250 ἀψυχίας.

350 1270 490 1331 ΦΕ.
571 1258 755 1330 οὔτοι
790 1259 956 1349 πρὸς
989 1258 1184 1349 ἡμῶν
1219 1256 1287 1346 γ’
1331 1258 1559 1331 ωλετ’·
1598 1260 1722 1331 οὐκ
1759 1265 1931 1352 ἐρεῖς
1964 1262 2136 1332 τόδε.

353 1371 496 1430 ΑΔ.
571 1366 704 1447 φεῦ
721 1380 734 1393 ·

571 1458 706 1529 εἶθ’
738 1456 982 1548 ἀνδρὸς
1009 1468 1227 1543 ἔλθοις
1253 1464 1459 1532 τοῦδέ
1486 1460 1554 1549 γ’
1596 1470 1692 1543 εἰς
1724 1472 1955 1554 χρείαν
1981 1466 2159 1531 ποτέ.
2268 1484 2371 1533 719

351 1570 490 1631 ΦΕ.
570 1558 704 1651 ἀρᾷ
740 1567 1054 1646 γονεῦσιν
1089 1560 1297 1632 οὐδὲν
1332 1568 1597 1631 ἔκδικον
1632 1563 1911 1647 παθω’ν;
2266 1585 2368 1633 714

348 1672 497 1735 AA.
569 1667 830 1750 μακροῦ
863 1668 1016 1747 βίου
1053 1660 1182 1746 γάρ
1217 1660 1533 1751 ᾐσθόμην
1570 1661 1824 1752 ἐρῶντά
1861 1686 1954 1733 σε.
2264 1684 2371 1735 715

350 1772 490 1832 ΦΕ.
571 1761 900 1851 μνήστευε
929 1759 1207 1849 πολλάς,
1238 1757 1327 1843 ὥς
1355 1761 1620 1831 θάνωσι
1648 1769 1971 1842 πλείονες.
2259 1781 2368 1835 720

349 1877 498 1935 AA.
575 1867 682 1934 σοὶ
708 1862 898 1933 τοῦτ’
931 1859 1222 1943 ὄνειδος·
1258 1861 1341 1932 ού
1376 1861 1506 1954 γὰρ
1535 1861 1777 1952 ἤθελες
1803 1874 2066 1933 θανεῖν.

350 1978 490 2038 ΦΕ.
574 1977 778 2056 φίλον
806 1965 880 2036 τὸ
913 1970 1159 2055 φέγγος
1190 1973 1390 2036 τοῦτο
1417 1973 1541 2035 τοῦ
1570 1974 1776 2054 θεοῦ,
1810 1974 2031 2054 φίλον.

358 2081 497 2138 ΑΔ.
579 2069 790 2139 κακὸν
818 2067 893 2138 τὸ
920 2077 1096 2156 λῆμα
1123 2066 1292 2137 κούκ
1330 2072 1403 2137 ἐν
1432 2065 1758 2158 ἀνδράσιν
1785 2067 1859 2137 τὸ
1889 2068 2029 2137 σόν.

351 2181 491 2240 ΦΕ.
573 2169 698 2240 οὐκ
729 2174 1004 2261 ἐγγελᾷς
1037 2173 1320 2260 γέροντα
1345 2169 1694 2261 ,βαστάζων
1720 2170 1985 2258 νεκρόν.

352 2285 501 2342 ΑΔ.
577 2283 784 2341 θανεῖ
808 2298 884 2359 γε
912 2273 1138 2360 μέντοι
1167 2272 1527 2360 δυσκλεής,
1565 2269 1728 2341 ὅταν
1754 2272 1989 2361 θάνῃς.
2260 2289 2370 2344 725

352 2383 492 2444 ΦΕ.
575 2380 796 2454 κακῶς
826 2370 1104 2442 ἀκούειν
1132 2371 1215 2443 οὐ
1241 2377 1426 2461 μέλει
1452 2374 1739 2443 θανόντι
1764 2402 1895 2461 μοι.

350 2488 498 2545 ΑΔ.
575 2483 710 2563 φεῦ
743 2483 909 2563 φεῦ·
941 2475 1016 2545 τὸ
1045 2482 1254 2565 γῆρας
1284 2471 1372 2555 (ὃς
1399 2473 1742 2556 ἀναιδείας
1778 2478 2019 2544 πλέων.

352 2587 492 2648 ΦΕ.
575 2575 686 2667 ἥδ’
720 2575 846 2647 οὐκ
875 2575 1188 2665 ἀναιδής·
1223 2575 1413 2666 τήνδ’
1448 2581 1729 2666 ἐφηῦρες
1760 2574 2048 2665 ἄφρονα.

351 2693 499 2750 ΑΔ.
575 2679 831 2751 ἄπελθε
860 2678 1027 2768 κάμὲ
1054 2677 1236 2749 τόνδ’
1276 2687 1349 2749 ἔα
1378 2679 1598 2760 θάψαι
1627 2679 1887 2768 νεκρόν.

353 2792 492 2852 ΦΕ.
577 2780 806 2870 ἄπειμι
825 2805 838 2819 ·
870 2783 1116 2861 θάψεις
1145 2779 1210 2849 δ’
1245 2777 1446 2861 αὐτὸς
1476 2776 1573 2850 ὢν
1606 2778 1811 2867 αὐτῆς
1840 2777 2113 2867 φονεύς,
2261 2795 2374 2852 730

582 2890 771 2964 δίκας
798 2911 869 2952 τε
898 2883 1135 2963 δώσεις
1162 2897 1335 2953 τοῖσι
1364 2889 1712 2970 κηδεσταῖς
1741 2891 1857 2951 ἔτι.

582 2976 625 3072 ἦ
653 2981 1129 3073 τᾶρ”Ἀκαστος
1159 2981 1369 3053 οὐκέτ’
1405 2982 1525 3054 ἔστ’
1560 2987 1633 3053 ἐν
1662 2981 2011 3071 ἀνδράσιν,

584 3093 646 3156 εἰ
668 3088 758 3174 μή
785 3084 852 3154 σ’
886 3084 1182 3175 ἀδελφῆς
1213 3081 1374 3175 αἷμα
1401 3087 1860 3175 τιμωρήσεται.

355 3199 499 3258 ΑΔ.
585 3197 804 3277 ἔρρων
830 3216 963 3258 νυν
993 3185 1192 3270 αὐτὸς
1219 3185 1300 3277 χὴ
1329 3186 1777 3276 ξυνοικήσασά
1807 3210 1915 3258 σοι

584 3288 825 3359 ἄπαιδε
880 3291 1117 3373 παιδὸς
1157 3288 1386 3378 ὄντος,
1418 3287 1642 3377 ὥσπερ
1676 3288 1869 3378 ἄξιοι,
2263 3305 2358 3362 73ε

584 3390 924 3480 γηράσκετ’
947 3415 961 3430 ·
994 3388 1077 3461 οὐ
1106 3391 1233 3483 γὰρ
1264 3396 1439 3485 τῷδέ
1462 3391 1517 3482 γ’
1552 3399 1645 3472 εἰς
1673 3391 1923 3461 ταύτὸν
1950 3392 2180 3478 στέγος

584 3492 795 3564 νεῖσθ’
820 3518 833 3532 ·
869 3501 930 3564 εἰ
955 3492 1016 3563 δ’
1053 3492 1363 3564 ἀπειπεῖν
1392 3501 1561 3583 χρῆν
1588 3521 1669 3582 με
1698 3495 2015 3583 κηρύκων
2044 3489 2179 3561 ὕπο
