2492 3900
325 184 449 247 428

1097 184 1609 242 ΙΠΠΟΛΤΤΟΣ

557 360 785 439 τρίτον
813 346 895 439 δ’,
925 350 1154 437 ἐπειδὴ
1184 345 1425 419 τοισίδ’
1458 345 1585 418 οὐκ
1616 350 1939 438 ἐξήνυτον

559 453 836 542 Κύπριν
859 459 1182 540 κρατῆσαι
1197 504 1216 536 ,
1243 462 1616 520 κατθανεῖν
1644 454 1834 533 ἔδοξέ
1852 480 1969 540 μοι

558 553 942 641 κράτιστον,
978 551 1204 633 οὐδεὶς
1231 550 1538 641 άντερεῖ,
1574 557 2086 641 βουλευμάτων.

558 658 700 745 ἐμοὶ
730 654 856 744 γὰρ
887 665 988 742 εἴη
1017 655 1179 742 μήτε
1207 654 1579 722 λανθάνειν
1610 653 1782 723 καλὰ

558 754 712 846 μήτ’
746 756 984 844 αἰσχρὰ
1014 754 1240 844 δρώσῃ
1268 754 1611 843 μάρτυρας
1640 756 1931 837 πολλοὺς
1961 763 2167 844 ἔχειν.

557 858 631 928 τὸ
663 855 727 928 δ’
763 865 966 945 ἔργον
991 853 1121 947 ᾔδη
1149 856 1275 943 τὴν
1302 857 1505 926 νόσον
1530 884 1603 925 τε
1632 862 1946 945 δυσκλεᾶ,

557 959 731 1049 γυνή
760 986 830 1029 τε
858 956 1026 1047 πρὸς
1053 955 1267 1028 τοῖσδ’
1299 948 1451 1027 ούσ’
1486 962 1899 1045 ἐγίγνωσκον
1924 968 2187 1049 καλῶς,

557 1069 810 1151 μίσημα
836 1068 1060 1131 πᾶσιν.
1106 1057 1196 1140 ὥς
1227 1056 1453 1128 ὄλοιτο
1484 1059 1843 1147 παγκάκως

555 1160 700 1251 ἥτις
731 1160 896 1250 πρὸς
924 1157 1176 1251 ἄνδρας
1201 1158 1428 1249 ἤρξατ’
1460 1161 1808 1248 αἰσχύνειν
1835 1163 2019 1249 λέχη·

558 1264 788 1355 πρώτη
813 1270 1164 1353 θυραίους.
1203 1266 1278 1332 ἐκ
1307 1262 1382 1331 δὲ
1407 1270 1743 1350 γενναίων
1770 1263 2000 1350 δόμων

557 1363 707 1435 τόδ’
737 1357 902 1453 ἦρξε
926 1371 1267 1452 θηλείαισι
1300 1371 1662 1453 γίγνεσθαι
1688 1365 1916 1433 κακόν.

557 1464 722 1535 ὅταν
747 1466 876 1552 γὰρ
905 1464 1145 1556 αἰσχρὰ
1170 1480 1384 1535 τοῖσιν
1410 1469 1756 1535 ἐσθλοῖσιν
1784 1472 1975 1555 δοκῇ,

559 1562 602 1655 ἦ
633 1566 844 1654 κάρτα
874 1566 1052 1649 δόξει
1079 1583 1213 1646 τοῖς
1240 1582 1468 1647 κακοῖς
1513 1572 1579 1657 γ’
1612 1568 1783 1640 εἶναι
1818 1571 2008 1639 καλά.

556 1675 727 1757 μισῶ
757 1668 833 1738 δὲ
860 1669 974 1737 καὶ
1000 1665 1116 1749 τὰς
1142 1668 1499 1757 σώφρονας
1524 1668 1650 1757 μὲν
1677 1671 1751 1737 ἐν
1778 1669 2023 1756 λόγοις,

559 1772 784 1862 λάθρᾳ
817 1771 894 1841 δὲ
918 1769 1162 1858 τόλμας
1193 1768 1279 1837 οὐ
1308 1769 1514 1850 καλὰς
1541 1773 1967 1859 κεκτημένας.

556 1881 633 1943 αἳ
655 1880 795 1955 πῶς
821 1869 991 1961 ποτ’,
1021 1864 1077 1941 οἶ
1104 1873 1423 1941 δέσποινα
1450 1880 1688 1941 ποντία
1712 1871 1963 1961 Κύπρι,

558 1978 924 2063 βλέπουσιν
953 1982 1049 2056 εἰς
1075 1973 1400 2064 πρόσωπα
1432 1981 1569 2044 τῶν
1597 1981 2019 2057 ξυνευνετοόν

559 2075 722 2147 οὐδὲ
749 2076 992 2146 σκότον
1018 2084 1383 2167 φρίσσουσι
1416 2074 1537 2145 τὸν
1568 2076 1983 2166 ξυνεργάτην

555 2179 857 2268 τέραμνά
883 2178 1171 2249 τὀἴκων
1197 2178 1288 2266 μή
1326 2203 1484 2247 ποτε
1515 2176 1833 2266 φθογγὴν
1858 2175 2039 2266 ἀφῇς

558 2277 728 2367 ἡμᾶς
753 2279 880 2368 γὰρ
909 2278 1076 2350 αὐτὸ
1104 2277 1290 2349 τοῦτ’
1322 2277 1723 2366 ἀποκτείνει,
1754 2286 1969 2368 φίλαι,

561 2378 650 2461 ὥς
675 2377 917 2469 μήποτ’
949 2379 1168 2470 ἄνδρα
1193 2379 1313 2449 τὸν
1338 2380 1503 2469 ἐμὸν
1530 2378 1883 2469 αίσχύνασ’
1914 2377 2076 2468 ἁλῶ,

554 2481 644 2572 μὴ
675 2487 914 2564 παῖδας
943 2479 1065 2564 οὓς
1093 2490 1382 2552 ἔτικτον·
1415 2478 1561 2551 ἀλλ’
1597 2483 1950 2573 ἐλεύθεροι

563 2592 902 2676 παρρησίᾳ
929 2585 1294 2664 θάλλοντες
1322 2591 1573 2654 οἰκοῖεν
1600 2581 1801 2654 πόλιν

560 2693 850 2756 κλεινῶν
877 2683 1219 2774 Ἀθηνῶν,
1251 2683 1501 2775 μητρὸς
1545 2685 1747 2754 εἵνεκ’
1792 2683 2109 2767 εὐκλεεῖς.

556 2793 796 2857 δουλοῖ
819 2787 946 2877 γὰρ
973 2785 1223 2877 ἄνδρα,
1258 2783 1389 2857 κᾶν
1415 2787 2021 2876 θρασύσπλαγχνός
2046 2815 2146 2867 τις
2175 2778 2237 2877 ᾖ,

555 2885 720 2957 ὅταν
745 2893 1020 2977 ξυνειὸῇ
1047 2887 1295 2978 μητρὸς
1322 2884 1366 2976 ἦ
1394 2889 1640 2978 πατρὸς
1675 2889 1867 2958 κακά.

552 2989 762 3077 μόνον
796 2988 872 3059 δὲ
897 2990 1096 3058 τοῦτό
1125 2988 1289 3078 φασ’
1324 2987 1733 3078 ἁμιλλᾶσθαι
1761 2999 1911 3081 βίῳ,

554 3091 830 3179 γνώμην
857 3095 1128 3161 δικαίαν
1157 3089 1506 3180 κάγαθήν,
1537 3089 1669 3183 ὅτῳ
1696 3099 1899 3182 παρῇ.

553 3191 802 3273 κακοὺς
829 3193 906 3262 δὲ
933 3201 1207 3281 θνητῶν
1234 3191 1534 3280 ἐξέφην’,
1568 3191 1731 3262 ὅταν
1762 3195 1950 3283 τύχῃ,

553 3295 834 3381 προθεὶς
860 3295 1232 3382 κάτοπτρον
1258 3291 1426 3362 ὥστε
1460 3297 1781 3386 παρθένῳ
1808 3298 1931 3384 νέᾳ

546 3393 818 3480 χρόνος·
849 3390 1010 3482 παρ’
1043 3389 1176 3461 οἶσι
1204 3390 1443 3480 μήποτ’
1483 3393 1781 3482 ὀφθείην
1810 3395 1962 3484 ἐγώ.

2254 364 2361 416 400

2239 2398 2347 2450 420

2239 2904 2343 2958 425
