2492 3900
320 150 402 211 52

1039 153 1275 210 ΑΝΔΡ
1286 152 1607 209 ΟΜΑΧΗ

319 333 447 393 ΕΡ.
548 323 799 410 κόσμον
824 322 948 408 μὲν
977 318 1151 409 ἀμφὶ
1178 324 1373 407 κρατὶ
1398 323 1682 409 χρυσέας
1709 327 1938 409 χλιδῆς

549 423 837 511 στολμόν
864 451 934 491 τε
960 422 1212 511 χρωτὸς
1255 426 1456 492 τόνδε
1484 430 1810 491 ποικίλων
1852 423 2148 511 πέπλων,

551 524 633 594 οὖ
662 533 797 594 τῶν
819 524 1164 612 Ἀχιλλέως
1192 521 1355 593 οὐδὲ
1380 526 1658 611 Πηλέως
1688 522 1819 593 ἄπο

550 628 777 715 δόμων
806 625 1106 715 ἀπαρχὰς
1134 625 1317 714 δεῦρ’
1352 623 1571 713 ἕχουσ’
1607 624 1972 715 ἀφικόμην,
2239 647 2348 697 150

548 726 697 797 ἀλλ’
731 734 804 798 ἐκ
834 736 1177 815 Λακαίνης
1212 728 1708 817 Σπαρτιάτιδος
1736 728 1985 815 χθονὸς

548 835 900 910 Μενέλαος
927 828 1088 919 ἡμῖν
1116 838 1327 898 ταῦτα
1355 836 1669 918 δωρεῖται
1698 828 1913 919 πατὴρ

549 942 818 1013 πολλοῖς
845 932 979 1002 σὺν
1005 936 1262 1019 ἕδνοις,
1296 929 1441 1001 ὥστ’
1483 937 2099 1021 ἐλευθεροστομεῖν.

548 1032 719 1123 ὑμᾶς
746 1036 871 1122 μὲν
901 1025 1028 1104 οὖν
1054 1031 1268 1103 τοῖσδ’
1303 1032 1783 1122 ἀνταμείβομαι
1821 1035 2073 1121 λόγοις·

547 1137 632 1205 σὺ
662 1134 727 1205 δ’
762 1129 934 1206 οὖσα
963 1137 1172 1223 δούλη
1202 1138 1314 1204 καὶ
1344 1143 1733 1226 δορίκτητος
1758 1135 1931 1223 γυνὴ
2236 1156 2347 1205 155

547 1239 798 1327 δόμους
825 1254 1181 1325 κατασχεῖν
1210 1236 1567 1327 ἐκβαλοῦσ’
1605 1236 1776 1325 ἡμᾶς
1803 1239 2027 1322 θέλεις

547 1342 786 1410 τούσδε
807 1348 1230 1428 ,στυγοῦμαι
1263 1338 1329 1409 δ’
1365 1338 1567 1468 ἀνδρὶ
1596 1340 2010 1427 φαρμάκοισι
2041 1355 2205 1426 σοῖς,

545 1440 758 1528 νηδὺς
786 1441 850 1511 δ’
890 1441 1169 1530 άκυμων
1199 1441 1313 1510 διὰ
1341 1445 1421 1510 σε’
1447 1470 1559 1529 μοι
1589 1443 1966 1511 διόλλυται

547 1543 735 1632 δεινὴ
768 1573 893 1633 γαρ
917 1543 1309 1632 Ἠπειρῶτις
1339 1552 1431 1623 είς
1461 1572 1541 1613 τα
1571 1544 1797 1613 τοιάδε

545 1645 726 1733 ψυχὴ
756 1654 1136 1734 γυναικῶν·
1184 1674 1285 1714 ων
1310 1646 1643 1734 ἐπισχήσω
1673 1644 1740 1715 σ’
1777 1645 1931 1732 ἐγώ,
2230 1662 2342 1715 160

547 1746 798 1817 κουδέν
823 1745 886 1816 σ’
918 1744 1149 1836 ὀνήσει
1183 1754 1373 1835 δῶμα
1400 1754 1719 1837 Νηρῇδος
1747 1747 1921 1834 τόδε,

549 1848 630 1919 οὐ
660 1849 882 1938 βωμὸς
911 1848 1072 1919 οὐδε
1103 1850 1285 1937 ναός,
1321 1846 1487 1918 ἀλλὰ
1517 1861 1863 1918 κατθανεῖ.

543 1948 630 2040 ἦν
659 1952 722 2022 δ’
759 1955 885 2022 οὐν
913 1960 1178 2041 βροτῶν
1203 1959 1303 2033 τίς
1331 1951 1395 2021 σ’
1428 1948 1471 2040 ἢ
1502 1959 1689 2022 θεῶν
1718 1960 1930 2022 σῶσαι
1957 1953 2152 2040 θέλῃ,

549 2061 658 2122 δεῖ
680 2053 743 2122 σ’
779 2053 929 2123 ἀντὶ
962 2064 1097 2124 τῶν
1127 2056 1289 2144 πρὶν
1318 2053 1569 2142 ὀλβίων
1599 2054 2049 2142 φρονημάτων

546 2160 783 2243 πτῆξαι
809 2155 1133 2243 ταπεινὴν
1170 2172 1574 2244 προσπεσεῖν
1602 2153 1649 2223 τ’
1685 2156 1846 2244 ἐμὸν
1874 2157 2065 2243 γόνυ,
2238 2173 2345 2226 165

546 2265 807 2345 σαίρειν
840 2285 910 2326 τε
938 2264 1127 2344 δῶμα
1159 2255 1413 2345 τούμὸν
1440 2262 1512 2327 ἐκ
1540 2258 1978 2346 χρυσηλάτων

552 2361 844 2444 τευχέων
871 2362 1018 2447 χερὶ
1045 2367 1458 2444 σπείρουσαν
1480 2358 1808 2450 Ἀχελῴου
1845 2359 2113 2448 δρόσον,

551 2466 813 2547 γνῶναί
838 2457 902 2528 θ’
941 2458 1021 2529 ἵν’
1057 2460 1118 2529 εἷ
1142 2468 1283 2548 γῆς.
1340 2458 1419 2529 οὐ
1452 2461 1579 2548 γάρ
1610 2459 1747 2530 ἐσθ’
1766 2458 2022 2547 Ἕκτωρ
2051 2461 2234 2548 τάδε,

547 2559 628 2631 οὐ
655 2571 961 2650 Πρίαμος
991 2559 1153 2631 οὐδὲ
1179 2563 1460 2651 χρυσός,
1492 2558 1639 2630 ἀλλ’
1667 2561 1896 2642 Ἑλλὰς
1915 2562 2126 2642 πόλις.

549 2672 640 2744 εἰς
670 2674 868 2734 τοῦτο
898 2663 962 2734 δ’
996 2661 1181 2753 ἥκεις
1211 2661 1543 2752 ἀμαθίας,
1574 2665 1867 2753 δύστηνε
1895 2664 2003 2750 σύ,
2236 2680 2345 2732 170

547 2763 589 2853 ἣ
617 2770 812 2835 παιδὶ
850 2767 1128 2855 πατρός,
1158 2763 1230 2846 ὃς
1268 2765 1391 2834 σὸν
1420 2764 1671 2835 ῶλεσεν
1701 2768 1921 2853 πόσιν,

546 2875 789 2958 τολμᾷς
816 2867 1172 2949 ξυνεύδειν
1199 2870 1313 2936 καὶ
1340 2865 1509 2936 τέκν’
1542 2866 1886 2946 αὖθέντου
1915 2867 2095 2955 πάρα

549 2976 818 3038 τίκτειν.
859 2976 1165 3038 τοιοῦτον
1195 2977 1331 3038 πᾶν
1358 2969 1431 3038 τὸ
1463 2971 1809 3059 βάρβαρον
1836 2973 2027 3058 γένος
2046 2992 2059 3004 ·

547 3071 760 3160 πατήρ
790 3097 862 3140 τε
890 3074 1184 3161 θυγατρὶ
1213 3087 1367 3152 παῖς
1394 3100 1465 3140 τε
1494 3075 1693 3162 μητρὶ
1721 3081 2038 3160 μίγνυται

548 3172 714 3260 κόρη
744 3169 792 3240 τ’
825 3170 1132 3266 ἆδελφῶ,
1172 3174 1285 3243 διὰ
1315 3175 1536 3263 φόνου
1566 3172 1631 3243 δ’
1668 3181 1739 3243 oc
1770 3183 2076 3264 φίλτατοι
2244 3190 2351 3245 175

554 3282 878 3362 χωροῦσι,
908 3278 1022 3344 καὶ
1049 3273 1253 3345 τῶνδ’
1289 3275 1496 3346 οὐδὲν
1526 3281 1804 3367 ἐξείργει
1832 3276 2055 3363 νόμος.

551 3372 594 3444 ἃ
620 3374 709 3463 μὴ
740 3374 888 3463 παρ’
920 3375 1090 3464 ἡμᾶς
1121 3377 1369 3467 εἰ’σφερ’
1393 3402 1406 3415 ·
1442 3377 1605 3449 οὐδὲ
1633 3379 1759 3468 γὰρ
1790 3376 1999 3446 καλὸν

553 3484 751 3547 δυοῖν
777 3495 1132 3567 γυναικοῖν
1161 3478 1346 3569 ἄνδρ’
1384 3478 1470 3550 ἕν’
1502 3474 1694 3567 ἡνίας
1726 3488 1921 3568 ἔχειν,
