2492 3900
312 157 396 219 30

324 640 460 702 ΗΡ.

1042 150 1490 209 ΑΛΚΗΣΤΙΣ

545 322 762 413 μήτηρ
782 343 795 356 ·
829 325 1057 389 κακῶν
1082 316 1212 407 γὰρ
1238 322 1505 406 μυρίων
1534 319 1832 404 ἐρρύετο,
2245 336 2361 384 τῖῡ

550 423 757 514 ὀργὰς
785 415 1198 511 μαλάσσουσ’
1231 415 1500 508 ἀνδρός.
1557 409 1689 506 ἆρα
1717 420 1836 487 τὸν
1870 424 2064 499 ξένον

548 532 773 615 στυγῶ
806 528 1116 607 δικαίως,
1146 523 1221 589 ἐν
1248 534 1478 598 κακοῖς
1507 517 1919 607 ἀφιγμένον,
2073 591 2083 600 Ν

548 620 780 713 οὗτος,
809 632 881 694 τί
901 626 1154 711 σεμνὸν
1180 623 1295 690 καὶ
1324 618 1774 710 πεφροντικὸς
1801 624 2104 709 βλέπεις;

552 728 636 799 οὐ
665 727 791 817 χρὴ
820 722 1239 814 σκυθρωπὸν
1266 738 1405 804 τοῖς
1430 725 1643 806 ξένοις
1671 720 1791 793 τὸν
1820 723 2211 812 πρόσπολον

555 830 726 900 εἶναι
746 881 765 915 ,
798 830 1112 914 δέχεσθαι
1142 822 1206 895 δ’
1251 822 1735 917 εὐπροσηγόρῳ
1763 833 1987 912 φρενί.
2243 842 2352 900 775

550 930 637 1001 σύ
668 929 733 1000 δ’
769 927 952 1019 ἄνδρ’
987 930 1254 1017 ἑταῖρον
1282 926 1617 998 δεσπότου
1645 923 1932 1017 παρόνθ’
1967 923 2170 1015 ὁρῶν,

555 1039 821 1125 στυγνῷ
851 1027 1188 1122 προσώπῳ
1215 1033 1330 1098 καὶ
1355 1030 1928 1121 συνωφρυωμένῳ

556 1139 767 1223 δέχει,
797 1139 1098 1223 θυραίου
1126 1131 1425 1219 πήματος
1449 1129 1759 1220 σπουδὴν
1786 1137 1976 1218 ἔχων.

553 1235 733 1327 δεῦρ’
770 1232 934 1323 ἔλθ’,
963 1230 1144 1313 ὅπως
1173 1229 1259 1302 ἄν
1289 1237 1403 1304 καὶ
1430 1232 1812 1322 σοφώτερος
1840 1236 2023 1322 γένῃ.

550 1337 631 1406 τὰ
656 1335 877 1425 θνητὰ
905 1332 1226 1424 πράγματ’
1268 1334 1508 1414 οἶσθας
1544 1332 1631 1419 ἣν
1670 1341 1801 1419 ἔχει
1832 1339 2076 1422 φύσιν;
2236 1355 2352 1411 780

551 1438 732 1527 οἶμαι
761 1440 885 1527 μὲν
913 1435 1028 1507 οὔ·
1058 1436 1278 1507 πόθεν
1306 1437 1471 1527 γάρ;
1504 1434 1639 1506 ἀλλ’
1675 1433 1886 1507 ἄκουέ
1907 1465 2061 1525 μου.

553 1549 819 1631 βροτοῖς
848 1536 1054 1610 ἅπασι
1081 1550 1452 1610 κατθανεῖν
1480 1536 1844 1627 ὀφείλεται,

551 1640 722 1712 κούκ
751 1650 889 1712 ἔστι
917 1648 1194 1729 θνητῶν
1221 1638 1401 1722 ὅστις
1427 1644 1840 1724 ἐξεπίσταται

548 1743 672 1832 τὴν
701 1741 944 1835 αὔριον
970 1746 1352 1830 μέλλουσαν
1382 1750 1447 1814 εί
1468 1744 1814 1832 βιώσεται·

549 1845 625 1915 τὸ
653 1853 770 1934 τῆς
797 1845 998 1934 τύχης
1025 1845 1153 1935 γὰρ
1183 1844 1439 1934 ἀφανὲς
1468 1841 1540 1915 οἶ
1562 1845 1992 1936 προβήσεται,
2233 1865 2338 1920 785

552 1944 731 2019 κᾶστ’
766 1946 851 2020 ού
881 1946 1202 2020 διδακτὸν
1228 1945 1381 2018 οὐδ’
1416 1944 1755 2019 ἁλίσκεται
1781 1951 1998 2038 τέχνῃ.

547 2049 726 2120 ταῦτ’
759 2043 887 2120 οὖν
914 2049 1205 2132 ἀκούσας
1232 2053 1347 2121 καὶ
1371 2049 1617 2139 μαθών
1644 2055 1807 2139 ἐμοῦ
1842 2051 2042 2140 πάρα,

547 2149 877 2240 εὔφραινε
903 2152 1187 2240 σαυτόν,
1217 2168 1405 2240 πῖνε,
1436 2152 1555 2223 τὸν
1583 2150 1734 2222 καθ’
1765 2148 2021 2241 ἡμέραν

547 2261 701 2340 βίον
729 2261 996 2340 λογίζου
1022 2255 1179 2342 σόν,
1208 2252 1289 2323 τὰ
1316 2252 1386 2323 δ’
1422 2252 1589 2324 ἅλλα
1615 2262 1731 2343 τῆς
1761 2254 1980 2342 τύχης.

545 2362 700 2443 τίμα
732 2355 808 2425 δὲ
834 2356 948 2424 καὶ
974 2354 1098 2443 τὴν
1134 2366 1448 2426 πλεῖστον
1475 2353 1756 2445 ἡδίστην
1781 2365 1968 2426 θεῶν
2226 2376 2335 2431 790

547 2457 823 2544 Κύπριν
851 2466 1193 2546 βροτοῖσιν
1211 2481 1225 2495 ·
1261 2455 1546 2547 εὐμενὴς
1579 2457 1709 2548 γὰρ
1739 2455 1781 2547 ἡ
1809 2459 1990 2539 θεός.

547 2558 628 2629 τὰ
656 2557 719 2629 δ’
756 2556 891 2629 ἄλλ’
925 2566 1126 2630 ἔασον
1154 2566 1362 2631 ταῦτα
1390 2562 1503 2629 καὶ
1541 2564 1725 2629 πθοῦ
1758 2561 1983 2646 λόγοις

549 2666 840 2750 ἐμοῖσιν,
880 2671 1066 2752 εἴπερ
1095 2659 1276 2751 ὀρθά
1301 2684 1407 2732 σοι
1438 2667 1617 2732 δοκῶ
1646 2665 1901 2749 λέγειν·

547 2763 728 2851 οἶμαι
755 2766 897 2851 μέν.
953 2761 1208 2833 οὔκουν
1227 2763 1352 2851 τὴν
1380 2762 1552 2852 ἄγαν
1573 2765 1798 2853 λύπην
1826 2763 2020 2852 ἀφεὶς

545 2873 682 2933 πίει
710 2862 856 2951 μεθ’
892 2861 1082 2952 ἡμῶν
1109 2863 1296 2934 τάσδ’
1332 2863 1739 2956 ὑπερβαλών
1767 2867 1987 2954 τύχας,
2223 2883 2328 2940 795

543 2966 895 3054 στεφάνοις
919 2975 1328 3050 πυκασθείς;
1359 2972 1472 3037 καὶ
1499 2967 1652 3057 σάφ’
1688 2966 1817 3037 οἷδ’
1854 2965 2199 3039 ὁθούνεκα

543 3074 665 3136 τοῦ
693 3075 825 3137 νῦν
852 3077 1273 3160 σκυθρωποῦ
1302 3072 1415 3139 καὶ
1446 3074 1855 3152 ξυνεστῶτος
1884 3077 2207 3160 [φρενῶν]

543 3180 907 3260 μεθορμιεῖ
926 3193 1002 3241 σε
1031 3180 1309 3254 πίτυλος
1336 3171 1644 3260 ἐμπεσών
1669 3174 1961 3260 σκύφον.
2042 3200 2046 3205 ·

542 3269 739 3353 ὄντας
766 3274 842 3344 δὲ
868 3273 1165 3362 θνητοὺς
1194 3273 1416 3362 θνητὰ
1444 3278 1557 3344 καὶ
1585 3290 1870 3365 φρονεῖν
1892 3274 2134 3365 χρεών,

543 3371 631 3455 ὥς
658 3391 793 3457 τοῖς
819 3402 897 3464 γε
920 3391 1193 3463 σεμνοῖς
1221 3379 1337 3446 καὶ
1360 3379 1981 3468 συνωφρυωμένοις
2218 3394 2323 3447 800

538 3472 790 3548 ἅπασίν
819 3481 1029 3566 ἐστιν,
1061 3474 1150 3558 ὥς
1178 3476 1232 3566 γ’
1268 3481 1416 3566 ἐμοὶ
1444 3486 1737 3569 χρῆσθαι
1770 3486 1987 3568 κριτῇ,
