2492 3900
310 151 436 214 204

1176 154 1484 212 EAENH

540 319 853 406 παλαιός,
883 315 926 406 ἡ
954 317 1030 388 δὲ
1062 319 1292 405 τέρψις
1321 313 1566 405 άρτίως
1591 319 1790 406 πάρα.

536 432 779 513 ἔλαβον
806 417 1060 508 ἀσμένα
1088 420 1289 489 πόσιν
1317 415 1513 506 ἐμόν,
1546 426 1760 508 φίλαι,

426 525 438 532 ’
536 534 697 616 περί
730 521 790 594 τ’
826 526 1111 592 ἐπέτασα
1138 524 1299 610 χέρα
2475 576 2478 692 ἢ

310 739 461 798 ΜΕ.

288 941 440 1040 ἦΕΛ.

306 1347 458 1407 ME.

301 1957 435 2017 EA.

307 2160 455 2220 ΜΕ.

298 2362 433 2422 ΕΛ.

302 2768 451 2829 ΜΕ.

294 3176 426 3235 ΕΛ.

295 3380 445 3439 ΜΕ.

538 636 771 716 φίλιον
797 629 872 694 ἐν
897 631 1121 715 μακρᾷ
1149 625 1357 712 φλογὶ
1383 623 1773 716 φαεσφόρῳ.

535 727 719 816 κάγώ
749 730 855 797 σε’·
888 725 1179 808 πολλοὺς
1206 722 1272 794 δ’
1306 729 1382 794 ἐν
1407 728 1586 818 μέσῳ
1618 725 1860 814 λόγους
1889 734 2062 813 ἔχων
2219 745 2322 800 630

533 829 659 900 οὐκ
693 825 824 899 οἷδ’
858 824 1096 897 ὁποίου
1122 835 1393 914 πρῶτον
1419 825 1714 916 ἄρξωμαι
1743 828 1823 898 τὰ
1849 835 2003 897 νῦν.

533 935 827 1020 γέγηθα,
859 931 1054 1018 κρατὶ
1082 926 1145 999 δ’
1179 926 1468 1018 ὀρθίους
1496 934 1767 1018 ἐθείρας

534 1032 965 1121 ἀνεπτέρωκα
996 1034 1111 1101 καὶ
1139 1030 1358 1121 δάκρυ
1383 1032 1754 1117 σταλάσσω,

534 1137 691 1225 περὶ
725 1135 801 1204 δὲ
824 1149 985 1222 γυῖα
1010 1135 1207 1223 χέρας
1234 1140 1480 1221 ἔβαλον
1500 1185 1519 1221 ,
1552 1131 1809 1223 ἡδοναν
2478 1135 2479 1152 ’

531 1235 621 1318 ὥς
648 1237 869 1324 λάβω,
901 1227 956 1305 ὦ
982 1235 1194 1315 πόσις.
2218 1256 2322 1310 635

538 1330 593 1407 ὦ
622 1338 904 1428 φιλτάτη
935 1337 1298 1429 πρόσοψις,
1329 1333 1455 1406 οὐκ
1483 1340 1839 1426 ἐμέμφθην
1857 1360 1872 1375 ·

534 1446 659 1527 ἔχω
687 1439 769 1508 τὰ
797 1447 913 1528 τῆς
943 1439 1110 1520 Διός
1144 1467 1215 1508 τε
1244 1441 1486 1528 λέκτρα
1513 1439 1739 1527 Λήδας
1765 1438 1868 1526 θ’,

529 1537 616 1610 ἂν
638 1537 772 1610 ὑπὸ
801 1542 1169 1629 λαμπάδων
1194 1541 1387 1629 κόροι
1415 1541 1773 1610 λεύκιπποι

527 1649 1009 1731 ξυνομαίμονες
1036 1639 1338 1731 ὤλβισαν
1369 1640 1666 1731 ὤλβισαν
2215 1662 2321 1717 6ίο

529 1743 604 1814 τὸ
633 1744 973 1835 πρόσθεν,
1002 1748 1074 1813 ἐκ
1104 1744 1332 1833 δόμων
1360 1745 1436 1814 δὲ
1463 1751 1791 1834 νοσφίσας
1818 1743 1884 1814 σ’
1915 1749 2081 1834 ἐμοῦ

529 1845 697 1937 πρὸς
712 1843 923 1915 ἄλλαν
939 1847 1207 1916 ἐλαύνει
1221 1845 1384 1928 θεὸς
1396 1846 1758 1938 συμφορὰν
1773 1853 1974 1917 τᾶσδε
1999 1857 2317 1938 κρείσσω.

533 1947 608 2020 τὸ
637 1948 849 2020 κακὸν
877 1946 942 2020 δ’
980 1945 1245 2038 ἀγαθὸν
1273 1953 1353 2019 σέ
1375 1977 1447 2020 τε
1473 1947 1644 2039 κάμὲ
1668 1951 2040 2040 συνάγαγε,
2070 1952 2255 2041 πόσι,

526 2052 833 2142 χρόνιον,
869 2048 1017 2121 ἀλλ’
1051 2049 1229 2139 ὅμως
1258 2049 1548 2140 ὀναίμαν
1575 2053 1796 2141 τύχας.
2211 2071 2313 2127 645

528 2151 718 2223 ὄναιο
748 2159 935 2240 δῆτα.
972 2150 1181 2224 ταύτὰ
1217 2152 1303 2242 δὴ
1332 2155 1767 2243 ξυνεύχομαι·

532 2265 728 2327 δυοῖν
754 2253 882 2342 γὰρ
912 2251 1139 2324 ὄντοιν
1168 2252 1293 2342 οὐχ
1325 2249 1366 2323 ὃ
1388 2258 1514 2343 μὲν
1538 2258 1840 2347 τλήμων,
1868 2253 1911 2325 ὃ
1938 2254 2003 2328 δ’
2033 2255 2138 2327 οὔ.

532 2361 725 2443 φίλαι
753 2363 979 2445 φίλαι,
1006 2354 1087 2426 τὰ
1115 2356 1328 2446 πάρος
1356 2354 1581 2429 οὐκέτι

525 2460 847 2546 στένομεν
874 2455 1003 2527 οὐδ
1013 2455 1030 2483 ²
1063 2454 1268 2545 ἀλγῶ.

523 2560 723 2630 πόσιν
752 2558 959 2648 [ἐμὸν]
988 2568 1223 2650 ἔχομεν
1254 2570 1512 2650 ἔχομεν,
2207 2584 2313 2638 650

525 2658 607 2731 ὃν
636 2670 875 2751 ἔμενον
905 2670 1166 2751 [ἔμενον
1192 2667 1288 2748 ἐκ]
1327 2672 1570 2752 Τροίας
1597 2671 1888 2754 πολυετῆ
1914 2674 2170 2753 μολεῖν.

524 2771 690 2851 ἔχεις
717 2762 793 2851 μ’
829 2766 960 2851 ἐγώ
986 2768 1062 2833 τέ
1086 2762 1149 2833 σ’
1170 2788 1185 2803 ·
1224 2762 1460 2852 ἡλίους
1489 2768 1565 2836 δὲ
1592 2775 1880 2855 μυρίους

522 2865 713 2953 μόγις
744 2863 1041 2934 διελθών
1067 2862 1380 2955 ᾐσθόμην
1405 2866 1486 2938 τὰ
1513 2875 1629 2956 τῆς
1657 2877 1849 2939 θεοῦ.

527 2963 651 3053 ἐμὰ
679 2967 755 3035 δὲ
783 2966 1046 3057 δάκρυα
1072 2976 1419 3056 χαρμονᾶν
1445 2974 1652 3040 πλέον
1679 2978 1811 3059 ἔχει

520 3069 783 3156 χάριτος
810 3064 855 3156 ἢ
880 3069 1116 3151 λύπας.
2207 3091 2320 3145 655

524 3176 594 3237 τί
617 3177 764 3257 φῶς
800 3178 900 3253 τίς
929 3166 1014 3241 ἄν
1044 3170 1200 3242 τάδ’
1238 3170 1524 3262 ἤλπισεν
1551 3181 1816 3265 βροτῶν
1844 3201 2035 3247 ποτει

522 3268 852 3360 ἀδόκητον
883 3281 1008 3363 ἔχω
1036 3297 1112 3344 σε
1142 3274 1308 3364 πρὸς
1336 3278 1656 3365 στέρνοις.

518 3370 701 3461 κάγεὸ
733 3375 806 3442 σὲ
833 3374 956 3461 τὴν
986 3380 1322 3446 δοκοῦσαν
1349 3374 1599 3449 Ἰδαίαν
1627 3380 1824 3449 πόλιν
