2492 3900
163 304 314 364 AA.

159 404 311 465 ΘΗ.

164 507 312 566 ΑΔ.

159 605 310 667 ΘΗ.

159 708 312 769 ΑΔ.

159 808 310 869 ΘΗ.

157 911 314 971 ΑΔ.

159 1011 313 1072 ΘΗ.

157 1114 313 1174 ΑΔ.

158 1214 312 1275 ΘΗ.

157 1317 314 1377 ΛΔ.

160 1416 313 1477 ΘΗ.

156 1520 313 1579 ΛΔ.

157 1618 312 1680 ΘΗ.

158 1722 312 1782 ΛΔ.

965 126 1375 186 ΙΚΕΤΙΔΕΣ
2058 123 2177 186 401

398 289 526 363 οὐκ
556 290 704 362 οἶδα
730 289 907 379 πλὴν
936 293 1045 377 ἕν,
1074 303 1251 359 σοῖσι
1278 295 1643 359 πείθεσθαι
1672 290 1914 377 λόγοις.

396 392 515 463 τὸν
541 393 666 480 μὲν
690 390 861 472 Διὸς
892 394 1227 482 πληγέντα
1254 392 1577 460 Καπανέα
1604 399 1778 479 πυρί
1806 433 1881 445 -

415 486 444 517 ³
395 496 672 583 ηχωρὶς
701 491 888 581 ἱερὸν
917 488 1007 573 ῶς
1031 489 1281 583 νεκρὸν
1307 492 1525 575 θάψαι
1550 495 1809 575 θέλεις;
2078 511 2180 567 935

391 602 539 667 ναί·
568 592 730 675 τούς
760 597 840 664 δέ
863 592 930 681 γ’
968 590 1216 673 ἄλλους
1243 589 1495 674 πάντας
1524 596 1599 662 ἐν
1624 600 1744 687 μιᾷ
1770 602 1973 687 πυρᾷ.

396 704 532 767 ποῦ
559 702 728 785 δῆτα
754 695 990 784 θήσεις
1016 700 1243 783 μνῆμα
1268 700 1443 787 τῷδε
1466 702 1792 785 χωρίσας;

390 795 604 869 αὐτοῦ
632 793 792 886 παρ’
827 806 1057 878 οἴκους
1081 796 1326 867 τούσδε
1351 797 1696 884 συμπήξας
1722 797 1959 885 τάφον.

396 890 594 981 οὗτος
621 898 748 987 μὲν
774 894 904 987 ἤδη
933 899 1192 986 δμωσὶν
1218 892 1306 967 ἂν
1331 899 1518 985 μέλοι
1547 898 1771 979 πόνος.

391 996 554 1089 ἡμῖν
582 1002 664 1071 δέ
688 996 754 1088 γ’
787 1004 962 1070 οἵδε·
997 1001 1305 1087 στειχέτω
1337 998 1405 1068 δ’
1437 996 1615 1087 ἄχθη
1644 1007 1929 1089 νεκρῶν.
2074 1018 2180 1073 940

394 1099 510 1191 ἴτ’,
542 1092 599 1171 ὦ
626 1099 932 1171 τάλαιναι
958 1104 1268 1190 μητέρες,
1303 1102 1561 1172 τέκνων
1588 1102 1809 1182 πέλας.

390 1199 1006 1293 ἤκιστ’,’Ἀὸραστε,
1034 1209 1234 1274 τοῦτο
1262 1203 1657 1293 πρόσφορον
1687 1205 1920 1291 λέγεις.

398 1312 573 1389 πῶςς
605 1304 722 1386 τὰς
749 1305 1072 1385 τεκούσας
1101 1301 1185 1374 οὐ
1217 1303 1437 1393 χρεῶν
1464 1311 1721 1387 ψαῦσαι
1746 1308 2035 1387 τέκνων,

396 1402 654 1477 ὄλοιντ’
689 1412 956 1477 ἰδοῦσαι
980 1403 1214 1476 τούσδ’
1251 1401 1338 1476 ἄν
1362 1402 1878 1495 ἠλλοιωμένους.

395 1510 602 1596 πικρὰ
636 1507 767 1599 γὰρ
801 1506 950 1589 ὄψις
985 1504 1146 1596 αἷμα
1179 1504 1487 1577 κώτειλαὶ
1518 1511 1796 1595 νεκρῶν.
2076 1524 2177 1578 945

392 1616 463 1678 τί
485 1614 651 1697 δῆτα
678 1608 903 1698 λύπην
927 1616 1158 1681 ταῖσδε
1183 1618 1586 1698 προσθεῖναι
1613 1610 1874 1691 θέλεις;

393 1717 615 1802 νικᾷς·
648 1714 901 1798 [μένειν
924 1710 1052 1800 χρὴ
1079 1711 1454 1797 τλημόνως·
1486 1710 1665 1797 λέγει
1690 1708 1820 1798 γὰρ
1850 1700 1929 1779 εὖ

397 1812 699 1900 Θησεύς.]
767 1807 930 1881 ὅταν
959 1812 1034 1881 δὲ
1059 1810 1305 1882 τούσδε
1333 1818 1744 1900 προσθῶμεν
1770 1818 1959 1899 πυρί,

394 1909 558 1983 ὀστᾶ
587 1909 1017 2001 προσάξεσθ’.
1089 1904 1144 1982 οἷ
1171 1918 1579 2002 ταλαίπωροι
1607 1919 1892 2002 βροτῶν,

394 2022 468 2084 τί
488 2020 742 2084 κτᾶσθε
768 2013 1008 2102 λόγχας
1035 2017 1148 2084 καὶ
1176 2011 1325 2083 κατ’
1360 2011 1669 2101 ἀλλήλων
1696 2014 1951 2104 φόνους
2074 2030 2181 2086 950

394 2124 713 2199 τίθεσθε;
745 2114 1117 2204 παύσασθ’,
1149 2113 1319 2185 ἄλλα
1346 2115 1661 2204 λήξαντες
1686 2117 1919 2186 πόνων

399 2215 564 2305 ἄστη
596 2214 984 2306 φυλάσσεθ’
1015 2214 1257 2307 ἥσυχοι
1285 2213 1449 2306 μεθ’
1479 2213 1769 2305 ἡσύχων.

397 2317 682 2409 σμικρὸν
706 2318 782 2390 τὸ
810 2327 1029 2409 χρῆμα
1053 2327 1176 2389 τοῦ
1209 2327 1398 2407 βίου·
1432 2326 1675 2389 τοῦτον
1703 2320 1779 2389 δὲ
1802 2319 1927 2408 χρὴ

398 2417 485 2500 ὥς
515 2422 726 2512 ῥᾷστα
751 2422 864 2490 καὶ
895 2420 985 2510 μὴ
1015 2420 1148 2490 σὺν
1179 2420 1412 2500 πόνοις
1445 2427 1827 2508 διεκπερᾶν.

155 2527 308 2590 XO.
387 2518 610 2592 οὐκέτ’
645 2518 991 2610 εὔτεκνος,
1017 2519 1244 2591 οὐκέτ’
1279 2518 1534 2608 εὔπαις,
1899 2543 2038 2610 στρ.
2076 2538 2179 2592 955

394 2621 546 2692 οὐδ’
581 2618 891 2710 εὐτυχίας
915 2623 1218 2711 μέτεστίν
1245 2650 1360 2711 μοι

397 2723 821 2812 κουροτόκοις
853 2727 929 2793 ἐν
948 2721 1308 2814 Ἀργείαις·

395 2822 546 2894 οὐδ’
571 2820 881 2913 ’Ἄρτεμις
908 2833 1098 2912 λοχία

397 2924 924 3014 προσφθέγξαιτ’
959 2922 1045 2995 ἄν
1070 2926 1186 3008 τὰς
1214 2923 1555 3006 ἀτέκνους.

397 3032 699 3096 δυσαίων
729 3024 793 3096 δ’
827 3023 862 3095 ὁ
893 3035 1059 3115 βίος,
2072 3043 2179 3098 960

399 3126 701 3214 πλαγκτὰ
727 3125 794 3196 δ’
830 3125 997 3197 ὡσεί
1018 3157 1115 3209 τις
1141 3131 1415 3216 νεφέλα,

398 3228 800 3317 πνευμάτων
827 3225 960 3298 ὑπὸ
993 3235 1341 3318 δυσχίμων
1366 3226 1596 3300 ἀίσσω.

400 3329 561 3400 ἑπτὰ
586 3333 864 3419 ματέρες
893 3329 1056 3401 ἑπτὰ
1083 3332 1374 3421 κούρους
1931 3329 2050 3398 ἀντ

787 3447 892 3503 955
907 3473 982 3485 -
1001 3449 1106 3504 962
1131 3475 1217 3502 =
1243 3449 1349 3504 963
1366 3473 1441 3485 -
1458 3447 1560 3502 970

335 3547 518 3588 nvp-11³.
563 3550 690 3589 vot..
737 3534 778 3588 Ι.
1758 3527 1839 3587 26
