2492 3900
1046 145 1356 203 EAENH
2073 142 2190 207 197

404 312 709 402 πύργους
738 318 1017 400 ἔπερσα,
1049 317 1188 391 κείς
1217 311 1478 399 πάτραν
1505 312 1764 401 χρῄζων
1792 321 2024 401 μολεῖν

403 412 529 483 οὐκ
557 410 865 500 ἀξιοῦμαι
897 420 1098 483 τοῦδε
1125 411 1292 501 πρὸς
1326 420 1512 482 θεῶν
1540 429 1786 501 τυχεῖν.

404 515 662 603 Λιβύης
690 511 751 583 τ’
784 515 1071 603 ἐρήμους
1099 511 1376 596 ἀξένους
1406 511 1464 583 τ’
1498 515 1860 604 ἐπιδρομὰς

402 620 745 687 πέπλευκα
782 615 993 698 πάσας
1012 639 1025 654 ·
1063 612 1286 704 χῶταν
1315 615 1516 705 ἐγγυς
1546 608 1601 684 αἶ
1628 618 1900 708 πάτρας,
2088 637 2194 689 405

405 720 609 788 πάλιν
641 713 712 806 μ’
747 715 1019 788 ἀπωθεῖ
1038 724 1338 806 πνεῦμα,
1369 715 1653 788 κοῦποτ’
1686 716 1923 808 οὔριον

408 827 682 908 εἰσῆλθε
710 828 949 906 λαῖφος
979 816 1150 890 ῶστε
1176 817 1249 908 μ’
1287 827 1381 900 είς
1410 820 1672 909 πάτραν
1698 829 1950 909 μολεῖν.

403 925 515 992 καὶ
542 929 677 991 νῦν
705 921 906 1003 τάλας
934 921 1233 1011 ναυαγὸς
1259 918 1587 1002 ἀπολέσας
1617 929 1861 1011 φίλους

404 1027 715 1106 ἐξέπεσον
747 1031 840 1106 είς
865 1030 995 1112 γῆν
1021 1023 1256 1112 τήνδε·
1287 1031 1456 1105 ναῦς
1485 1023 1560 1093 δὲ
1590 1022 1758 1114 πρὸς
1786 1028 2028 1115 πέτρας

405 1124 694 1205 πολλοὺς
722 1123 1059 1216 ἀριθμοὺς
1088 1124 1373 1214 ἄγνυται
1401 1134 1770 1215 ναυαγίων.
2091 1146 2191 1197 410

405 1228 637 1318 τρόπις
665 1225 730 1296 δ’
774 1230 1062 1317 ἐλείφθη
1090 1236 1416 1298 ποικίλων
1443 1225 1908 1318 ἁρμοσμάτων,

407 1328 517 1417 ἐφ’
550 1321 631 1419 ἧς
661 1329 931 1418 ἐσῶθην
956 1331 1147 1418 μόλις
1176 1327 1552 1423 ἀνελπίστῳ
1580 1331 1747 1421 τύχῃ

394 1430 621 1520 Ἑλένη
648 1459 753 1519 τε,
792 1431 1034 1521 Τροίας
1058 1428 1147 1520 ἣν
1181 1429 1570 1513 ἀποσπάσας
1598 1439 1744 1520 ἔχω.

404 1530 618 1622 ὄνομα
651 1534 727 1603 δὲ
754 1534 973 1625 χώρας
999 1531 1144 1624 ἥτις
1168 1531 1294 1623 ἥδε
1327 1537 1439 1604 καὶ
1466 1531 1636 1615 λεῶς

406 1633 531 1705 οὐκ
560 1633 691 1707 οἶδ’
714 1659 731 1673 ·
762 1634 963 1725 ὄχλον
989 1636 1117 1725 γὰρ
1150 1644 1483 1706 εἰσπεσεῖν
1514 1632 1903 1726 ᾐσχυνόμην
2087 1654 2188 1708 415

407 1735 577 1808 ὥσθ’
618 1745 993 1828 ἱστορῆσαι,
1026 1747 1142 1828 τῆς
1166 1743 1328 1827 ἐμῆς
1356 1745 1791 1827 δυσχλαινίας

404 1839 722 1929 κρύπτων
749 1837 869 1910 ὑπ’
907 1847 1140 1923 αἰδοῦς
1168 1839 1286 1921 τὰς
1314 1841 1533 1928 τύχας.
1576 1837 1738 1911 ὅταν
1766 1838 1831 1910 δ’
1869 1838 2041 1930 ἀνὴρ

406 1941 619 2033 πράξῃ
644 1949 867 2024 κακῶς
897 1940 1176 2033 ὑψηλός,
1208 1949 1302 2024 είς
1330 1939 1586 2033 ἀηθίαν

404 2051 628 2115 πίπτει
657 2051 867 2115 κακίω
896 2052 1017 2117 τοῦ
1045 2045 1247 2115 πάλαι
1278 2051 1751 2134 δυσδαίμονος.

405 2153 592 2234 χρεία
620 2147 695 2216 δὲ
720 2154 924 2235 τείρει
953 2144 1027 2236 μ’
1046 2169 1061 2184 ·
1102 2144 1259 2216 οὔτε
1285 2146 1415 2238 γὰρ
1444 2163 1622 2227 σῖτος
1653 2148 1832 2238 πάρα
2086 2166 2189 2217 420

406 2245 549 2317 οὔτ’
584 2245 757 2339 ἀμφὶ
781 2246 985 2339 χρῶτ’
1019 2252 1328 2337 ἐσθῆτες·
1358 2248 1532 2321 αὐτὰ
1562 2246 1628 2320 δ’
1666 2252 1922 2320 εἰκάσαι

404 2352 683 2440 πάρεστι
715 2349 878 2433 ναὸς
906 2349 1125 2440 ἔκβολ’
1161 2347 1262 2434 οἷς
1289 2349 1720 2442 ἀμπίσχομαι.

406 2457 699 2535 πέπλους
728 2454 801 2524 δὲ
828 2450 985 2536 τοὺς
1012 2456 1175 2543 πρὶν
1202 2455 1473 2544 λαμπρά
1501 2451 1559 2524 τ’
1593 2452 2068 2545 ἀμφιβλήματα

401 2556 631 2643 χλιδάς
657 2583 729 2626 τε
754 2555 996 2637 πόντος
1021 2553 1271 2644 ἤρπασ’
1294 2578 1309 2593 ·
1351 2560 1425 2625 ἐν
1452 2555 1518 2625 δ’
1553 2554 1804 2645 ἄντρου
1831 2574 2063 2645 μυχοῖς

403 2658 665 2746 κρύψας
692 2674 983 2746 γυναῖκα
1009 2658 1135 2747 τὴν
1168 2665 1399 2727 κακῶν
1427 2658 1701 2727 πάντων
1730 2661 1872 2746 ἐμοὶ
2089 2677 2190 2729 425

403 2756 699 2847 ἄρξασαν
726 2757 867 2848 ἥκω
921 2763 1081 2841 τούς
1112 2786 1183 2828 τε
1226 2761 1859 2849 περιλελειμμένους

403 2868 624 2947 φίλων
653 2863 1026 2952 φυλάσσειν
1052 2859 1206 2951 τᾶμ’
1244 2862 1628 2952 ἀναγκάσας
1657 2866 1836 2951 λέχη.

402 2963 603 3050 μόνος
632 2965 708 3033 δὲ
734 2973 985 3053 νοστῶ,
1016 2979 1153 3045 τοῖς
1185 2969 1328 3035 ἐκεῖ
1351 2972 1564 3054 ζητῶν
1593 2974 1817 3052 φίλοις

402 3063 481 3133 τὰ
509 3064 844 3156 πρόσφορ’
877 3063 964 3154 ἤν
992 3094 1134 3147 πως
1161 3067 1600 3158 ἐξερευνήσας
1629 3068 1834 3155 λάβω.

405 3165 571 3236 ἰδῶν
602 3168 675 3238 δὲ
704 3175 895 3256 δῶμα
923 3170 1284 3260 περιφερὲς
1315 3181 1624 3260 θριγκοῖς
1653 3170 1810 3238 τόδε
2086 3186 2188 3239 430

401 3268 615 3350 πύλας
641 3299 713 3340 τε
741 3270 987 3358 σεμνὰς
1015 3268 1265 3360 ἀνδρὸς
1293 3269 1532 3362 ὀλβίου
1558 3271 1761 3359 τινός,

406 3378 826 3460 προσῆλθον·
859 3376 1042 3453 ἐλπὶς
1072 3369 1136 3442 δ’
1171 3380 1244 3442 ἔκ
1275 3402 1352 3461 γε
1378 3382 1726 3444 πλουσίων
1754 3374 1982 3461 δόμων

402 3480 635 3562 λαβεῖν
662 3504 724 3545 τι
752 3474 1055 3557 ναύταις·
1091 3478 1163 3545 ἐκ
1192 3476 1269 3548 δὲ
1295 3476 1384 3564 μὴ
1417 3475 1699 3565 ’χόντων
1721 3482 1901 3563 βίον,
