2492 3900
313 3291 452 3350 XO.

307 3495 452 3557 ΦΕ.

1105 161 1553 221 ΑΛΚΗΣΤΙΣ

565 337 692 407 οὐκ
717 334 1053 424 ἠθέλησας
1081 328 1232 401 οὐδ’
1268 330 1629 418 ἐτόλμησας
1656 339 1901 399 θανεῖν

563 446 682 509 τοῦ
711 443 837 506 σοῦ
865 434 996 525 πρὸ
1025 433 1295 518 παιδός,
1324 430 1493 501 ἀλλὰ
1519 427 1709 519 τήνδ’
1746 428 2009 500 εἰάσατε
2246 449 2361 502 645

566 535 823 629 γυναῖκ’
862 534 1180 623 ὀθνείαν,
1217 530 1305 622 ἢν
1338 532 1467 621 ἐγω
1497 536 1610 603 καὶ
1638 536 1887 621 μητέρα

562 643 814 730 πατέρα
842 637 902 707 τ’
939 635 1023 707 ἄν
1051 642 1332 716 ἐνδίκως
1361 632 1445 704 ἂν
1474 632 1763 724 ἡγοίμην
1791 639 1955 723 ἐμοί.

561 750 778 813 καίτοι
810 740 1018 810 καλόν
1045 737 1098 827 γ’
1134 734 1220 809 ἂν
1245 734 1431 807 τόνδ’
1467 734 1665 825 ἀγῶν’
1696 733 2009 825 ἠγωνίσω

563 852 684 914 τοῦ
713 851 839 913 σοῦ
868 840 998 932 πρὸ
1029 840 1267 921 παιδὸς
1294 840 1688 927 κατθανών,
1720 838 1975 928 βραχὺς
2002 842 2083 907 δέ
2106 860 2209 909 σοι

563 946 828 1026 πάντως
853 941 891 1014 ὁ
922 942 1153 1024 λοιπὸς
1179 934 1267 1031 ἦν
1295 942 1617 1029 βιωσιμος
1651 941 1909 1030 χρόνος.
2243 958 2361 1011 650

561 1046 770 1136 [κᾶγῶ
793 1044 849 1115 τ’
875 1042 962 1115 ἄν
991 1052 1156 1129 ἔζων
1183 1041 1354 1133 χῆδε·
1374 1042 1493 1113 τὸν
1521 1040 1761 1113 λοιπὸν
1792 1043 2060 1133 χρόνον,

563 1148 732 1220 κούκ
761 1145 847 1218 ἂν
873 1148 1211 1236 μονωθεὶς
1239 1153 1509 1215 ἔστενον
1546 1159 1777 1225 κακοῖς
1806 1148 2031 1232 ἐμοῖς]

560 1254 673 1322 καὶ
699 1250 833 1340 μὴν
862 1246 964 1319 ὅσ’
1003 1246 1217 1337 ἄνδρα
1245 1246 1371 1337 χρὴ
1403 1258 1654 1317 παθεῖν
1686 1244 2056 1333 εὐδαίμονα

560 1358 934 1433 πέπονθας·
975 1347 1228 1439 ἥβησας
1256 1350 1381 1437 μὲν
1416 1352 1489 1419 ἐν
1516 1354 1892 1439 τυραννίδι,

560 1470 714 1535 παῖς
741 1452 807 1522 δ’
837 1444 925 1541 ἦν
953 1453 1083 1540 ἐγώ
1111 1473 1217 1521 σοι
1245 1456 1465 1521 τῶνδε
1494 1452 1801 1538 διάδοχος
1828 1448 2075 1537 δόμων,
2240 1467 2355 1521 655

561 1552 708 1625 ὥστ’
740 1552 866 1624 οὐκ
894 1552 1168 1634 ἄτεκνος
1194 1551 1559 1623 κατθανών
1588 1552 1814 1633 ἄλλοις
1840 1551 2049 1639 δόμον

555 1665 818 1739 λείψειν
847 1664 1113 1744 ἔμελλες
1141 1652 1449 1745 ὀρφανὸν
1476 1655 1859 1745 διαρπάσαι.

559 1758 640 1829 οὐ
670 1759 804 1847 μὴν
831 1762 1002 1847 ἐρεῖς
1029 1760 1110 1845 γε’
1141 1754 1200 1845 μ’
1235 1754 1325 1838 ὦς
1354 1755 1686 1845 ἀτιμάζων
1731 1755 1803 1825 τὸ
1832 1760 1957 1825 σὸν

559 1868 764 1951 γῆρας
791 1872 1034 1931 θανεῖν
1062 1859 1429 1951 προύδωκά
1456 1856 1545 1946 σ’,
1578 1856 1757 1939 ὅστις
1786 1858 2138 1945 αἰδόφρων

552 1962 720 2054 πρὸς
758 1961 819 2033 σ’
872 1954 916 2050 ἦ
954 1963 1270 2052 μάλιστα,
1300 1959 1495 2032 κάντὶ
1521 1964 1741 2031 τῶνδέ
1762 1989 1873 2049 μοι
1900 1959 2095 2048 χάριν
2239 1978 2357 2032 660

555 2066 822 2135 τοιάνδε
849 2069 963 2134 καὶ
991 2063 1078 2134 σύ
1105 2061 1186 2152 χὴ
1215 2061 1485 2134 τεκοῦσ’
1510 2063 1900 2148 ἠλλαξάτην.

548 2166 783 2257 τοιγὰρ
814 2167 1134 2254 φυτεύων
1165 2172 1409 2246 παῖδας
1438 2162 1649 2236 οὐκέτ’
1687 2161 1773 2234 ὂὶν
1809 2165 2124 2254 φθάνοις,

552 2275 622 2336 οἳ
644 2267 1223 2355 γηροβοσκήσουσι
1253 2270 1365 2337 καὶ
1392 2269 1695 2338 θανόντα
1727 2290 1804 2336 σε

550 2375 1016 2457 περιστελοῦσι
1044 2371 1157 2437 καὶ
1185 2370 1647 2459 προθήσονται
1672 2369 1935 2460 νεκρόν.

549 2468 633 2538 οὐ
666 2471 792 2561 γάρ
821 2468 888 2540 σ’
923 2478 1134 2558 ἔγωγε
1165 2468 1313 2561 τῇδ’
1347 2475 1471 2562 ε’μῇ
1507 2471 1711 2554 θάψω
1745 2479 1923 2562 χερί·
2230 2487 2347 2543 665

548 2575 844 2662 τέθνηκα
875 2571 1002 2662 γὰρ
1032 2570 1116 2661 δὴ
1143 2570 1349 2643 τούπὶ
1373 2572 1439 2643 σ’
1460 2597 1474 2610 ·
1509 2581 1572 2644 εί
1596 2571 1665 2645 δ’
1708 2571 1917 2644 ἄλλον
1944 2570 2167 2659 τυχών

445 2730 450 2736 .
546 2681 840 2764 σωτῆρος
867 2673 1081 2762 αὐγὰς
1111 2682 1386 2765 εἰσορῶ,
1417 2684 1651 2746 κείνου
1680 2680 1852 2764 λέγω

545 2779 658 2843 καὶ
690 2776 896 2845 παῖδά
925 2773 984 2863 μ’
1027 2777 1198 2845 εἶναι
1224 2781 1338 2846 καὶ
1366 2785 1570 2866 φίλον
1597 2778 2041 2867 γηροτρόφον.

542 2877 757 2964 μάτην
785 2875 884 2965 ἄρ’
923 2883 993 2945 oc
1015 2881 1324 2966 γέροντες
1353 2877 1660 2968 εὔχονται
1689 2891 1955 2965 θανεῖν,

543 2985 752 3067 γῆρας
780 2982 1098 3068 ψέγοντες
1124 2983 1239 3049 καὶ
1265 2980 1527 3070 μακρὸν
1553 2983 1800 3070 χρόνον
1836 2989 1995 3070 βίου
2012 3002 2025 3016 ·
2228 2997 2345 3050 670

543 3075 630 3166 ἢν
658 3078 722 3149 δ’
757 3079 957 3169 ἐγγυς
985 3087 1156 3170 ἔλθῃ
1183 3083 1513 3171 θάνατος,
1552 3081 1779 3165 οὐδεὶς
1806 3083 2121 3171 βούλεται

542 3181 906 3270 θνήσκειν,
937 3181 1011 3252 τὸ
1043 3190 1253 3274 γῆρας
1282 3182 1347 3254 δ’
1386 3182 1599 3256 οὐκέτ’
1633 3184 1757 3256 ἔστ’
1790 3183 2019 3264 αὐτοῖς
2045 3185 2249 3272 βαρύ.

545 3282 906 3372 παύσασθ’,
937 3281 1084 3366 ἅλις
1113 3285 1241 3376 γὰρ
1272 3284 1313 3376 ἡ
1343 3294 1650 3378 παροῦσα
1678 3288 2017 3377 συμφορά,

545 3379 626 3467 [ὦ
653 3397 826 3465 atat-J
861 3388 1110 3471 πατρὸς
1143 3389 1216 3454 δὲ
1246 3389 1337 3475 μὴ
1372 3391 1754 3478 παροξύνῃς
1786 3393 2055 3476 φρένας.

541 3479 595 3556 ὦ
621 3503 776 3576 παῖ,
808 3485 929 3558 τίν’
967 3484 1224 3576 αὐχεῖς,
1260 3489 1509 3574 πότερα
1540 3491 1776 3560 Λυδὸν
1806 3487 1849 3580 ἢ
1878 3491 2117 3579 Φρύγα
2222 3506 2343 3563 675
