2492 3900
275 132 398 195 -144
1003 136 1519 193 ΙΠΠΟΛΥΓΟΣ

503 303 776 389 νεκρόν·
817 310 1136 390 μεγίστου
1165 302 1515 389 θαύματος
1540 298 1687 371 τόδ’
1718 300 1939 385 ἄξιον·

511 402 598 490 ἣν
623 402 868 491 ἀρτίως
895 412 1194 489 ἔλειπον,
1223 399 1271 490 ἦ
1296 400 1471 489 φάος
1496 404 1653 471 τόδε

505 504 693 574 οὔπω
721 506 968 595 χρόνον
995 502 1283 574 παλαιὸν
1310 508 1745 591 εἰσεδέρκετο.

505 616 578 675 τί
605 615 826 695 χρῆμα
849 608 1121 693 πάσχεις
1148 612 1242 697 τῷ
1270 606 1499 697 τρόπῳ
1526 607 1909 690 διόλλυταις

505 710 712 797 πάτερ
727 760 748 796 ,
777 712 1126 778 πυθέσθαι
1151 706 1485 795 βούλομαι
1512 711 1721 777 σέθεν
1746 708 1947 799 πάρα.

505 819 726 900 myses-3
753 817 1010 898 σιωπῆς
1035 806 1102 878 δ’
1137 806 1344 879 οὐδὲν
1370 816 1575 899 ἔργον
1600 813 1677 879 έν
1704 826 1966 891 κακοῖς·

498 909 540 997 ἡ
569 910 696 999 γὰρ
724 918 1037 981 ποθοῦσα
1063 910 1283 980 πάντα
1310 917 1557 998 καρδία
1586 912 1825 981 κλύειν

501 1012 632 1081 κάν
661 1028 800 1094 τοῖς
830 1027 1094 1084 κακοῖσι
1119 1020 1345 1101 λίχνος
1370 1004 1525 1083 οὖσ’
1556 1008 1915 1083 ἁλίσκεται.

507 1114 590 1183 ού
622 1113 758 1202 μὴν
785 1122 1029 1203 φίλους
1055 1142 1134 1203 γε
1161 1111 1312 1183 κᾶτι
1338 1120 1597 1202 μᾶλλον
1624 1110 1669 1203 ἢ
1694 1121 1936 1202 φίλους

507 1218 831 1301 κρύπτειν
861 1223 1130 1287 δίκαιον
1155 1215 1276 1296 σὰς
1302 1216 1509 1304 πάτερ
1538 1220 1973 1305 δυσπραξίας.

277 1323 420 1385 ΘΗ.
506 1309 560 1385 ὦ
593 1315 786 1387 πόλλ’
821 1315 1315 1409 ἁμαρτάνοντες
1342 1315 1699 1405 ἅνθρωποι
1724 1318 1961 1406 μάτην,

503 1427 572 1486 τί
594 1418 678 1505 δὴ
705 1422 937 1506 τέχνας
962 1419 1089 1508 μὲν
1119 1427 1367 1509 μυρίας
1392 1419 1744 1489 διδάσκετε

502 1522 614 1587 καὶ
639 1520 855 1589 πάντα
879 1529 1275 1608 μηχανᾶσθε
1302 1518 1790 1609 κάξευρίσκετε,

509 1619 584 1690 ἓν
611 1619 677 1691 δ’
709 1619 836 1692 οὐκ
864 1619 1219 1691 ἐπίστασθ’
1256 1619 1409 1692 οὐδ’
1442 1623 1879 1709 ἐθηράσασθέ
1904 1648 2033 1711 πω,

509 1739 792 1811 φρονεῖν
819 1724 1166 1795 διδάσκειν
1191 1720 1372 1801 οἷσιν
1400 1720 1527 1819 οὐκ
1558 1731 1775 1794 ἔνεστι
1805 1732 2004 1807 νοῦς;

273 1830 396 1891 ΙΠ.
505 1825 734 1896 δεινὸν
760 1829 1093 1915 σοφιστὴν
1124 1825 1344 1912 εἶπας,
1376 1821 1556 1906 ὅστις
1584 1816 1667 1895 εὖ
1694 1842 1977 1913 φρονεῖν

503 1926 661 2008 τοὺς
687 1926 780 2017 μη
809 1934 1234 2018 φρονοῦντας
1261 1926 1551 2008 δυνατός
1578 1923 1711 1998 ἐστ’
1744 1924 2139 2016 ἀναγκάσαι.

503 2026 652 2098 ἀλλ’
685 2027 768 2099 οὐ
800 2027 930 2120 γὰρ
957 2034 1034 2100 ἐν
1059 2032 1281 2101 δέοντι
1308 2039 1772 2118 λεπτουργεῖς,
1803 2031 2035 2120 πάτερ,

503 2133 775 2200 δέδοικα
802 2131 892 2219 μή
917 2154 1042 2202 σου
1069 2128 1318 2220 γλῶσσ’
1354 2127 1703 2222 ὑπερβάλῃ
1726 2147 1974 2214 κακοῖς.

275 2237 420 2299 ΘΗ.
506 2240 672 2319 φεῦ,
707 2240 877 2321 χρῆν
902 2241 1200 2322 βροτοῖσι
1229 2240 1366 2302 τῶν
1396 2240 1618 2321 φίλων
1646 2233 2009 2322 τεκμήριον

503 2335 714 2421 σαφές
740 2361 804 2402 τι
829 2345 1100 2404 κεῖσθαι
1131 2337 1246 2406 καὶ
1275 2334 1646 2424 διάγνωσιν
1674 2343 1971 2425 φρενῶν,

500 2431 679 2514 ὅστις
712 2432 772 2505 τ’
807 2432 1066 2526 ἀληθής
1093 2439 1275 2507 ἐστιν
1305 2433 1377 2518 ὅς
1404 2465 1477 2508 τε
1503 2435 1595 2526 μὴ
1625 2444 1850 2524 φίλος·

501 2538 730 2618 δισσάς
757 2565 827 2608 τε
862 2537 1093 2627 φωνὰς
1121 2538 1373 2620 πάντας
1396 2536 1807 2630 ἀνθρώπους
1836 2545 2032 2628 ἔχειν,

497 2639 620 2726 τὴν
646 2639 770 2726 μὲν
800 2646 1103 2727 δικαίαν,
1132 2639 1257 2728 τὴν
1283 2638 1348 2711 δ’
1380 2637 1559 2723 ὅπως
1586 2641 1971 2730 ἐτύγχανεν,
2000 2689 2011 2697 ·

502 2737 590 2820 ὥς
619 2737 660 2827 ἡ
690 2749 1039 2830 φρονοῦσα
1067 2739 1291 2813 τᾶδικ’
1323 2744 1703 2832 ἐξηλέγχετο

497 2840 662 2928 πρὸς
689 2849 804 2930 τῆς
831 2849 1126 2932 δικαίας,
1157 2842 1327 2914 κούκ
1364 2841 1449 2914 ἂν
1476 2842 1907 2932 ἠπαταίμεθα.

272 2949 306 3011 Ι
311 2949 389 3012 Π.
498 2939 646 3012 ἀλλ’
678 2934 720 3032 ἦ
750 2973 848 3026 τις
875 2951 966 3026 εἰς
1000 2944 1123 3015 σὸν
1155 2937 1275 3028 οὖς
1302 2973 1385 3034 με
1413 2944 1758 3036 διαβαλῶν
1784 2954 1918 3034 ἔχει

503 3052 757 3134 φίλων,
786 3054 1120 3134 νοσοῦμεν
1147 3043 1213 3117 δ’
1245 3046 1451 3119 οὐδὲν
1478 3045 1667 3128 ὄντες
1694 3059 1923 3130 αἴτιοις

497 3156 568 3218 ἔκ
599 3175 698 3216 τοι
725 3151 1103 3236 πέπληγμαι
1122 3171 1136 3187 ·
1169 3151 1277 3218 σοὶ
1308 3148 1434 3240 γὰρ
1466 3150 1918 3240 ἐκπλήσσουσί
1942 3169 2026 3238 με

497 3249 683 3336 λόγοι
715 3251 1292 3340 παραλλάσσοντες
1321 3255 1577 3342 ἔξεδροι
1607 3258 1899 3343 φρενῶν.

270 3355 409 3416 ΘΗ.
491 3358 626 3436 φεῦ
653 3358 769 3437 τῆς
796 3357 1104 3440 βροτείας
1131 3357 1283 3436 (ποῖ
1302 3354 1709 3443 προβήσεται
1726 3360 1773 3438 3)
1806 3353 2054 3442 φρενός
2072 3376 2088 3392 ·

491 3455 562 3514 τί
582 3452 784 3536 τέρμα
811 3450 1052 3537 τόλμης
1077 3455 1188 3520 καὶ
1217 3456 1518 3542 θράσους
1546 3454 1927 3544 γενήσεταις

2185 1743 2289 1797 92o

2180 2253 2287 2308 925

2178 2763 2289 2820 930

2174 3270 2287 3326 935
