2492 3900
892 131 1307 193 ῙΚΕΤΙΔΕΣ
1984 133 2112 197 399

319 297 620 386 ἀψευδὲς
645 289 850 388 ἦθος,
881 298 1393 392 εὐπροσήγορον
1419 301 1649 389 στόμα,

319 400 660 492 ἄκραντον
689 399 896 471 οὐδὲν
923 399 1072 472 οὔτ’
1106 405 1172 485 ἐς
1203 404 1462 484 οίκέτας
1489 404 1702 489 λέγων
2008 423 2113 480 870

315 502 467 575 οὔτ’
503 510 598 584 εἰς
624 510 914 584 πολίτας.
987 502 1107 573 τὸν
1133 505 1209 574 δὲ
1239 504 1563 593 δεύτερον
1590 508 1762 593 λέγω

313 603 689 692 Ἐτέοκλον,
721 602 932 693 ἄλλην
957 604 1345 696 χρηστότητ’
1378 604 1716 695 ἠσκηκότα
1732 630 1745 644 ·

321 714 594 791 νεανίας
619 697 707 795 ἦν
735 714 828 800 τῷ
857 714 986 801 βίω
1013 709 1138 796 μὲν
1167 707 1418 796 ἐνδεής,

325 817 682 890 πλείστους
701 808 778 879 δὲ
799 814 990 897 τιμὰς
1011 809 1138 897 ἔσχ’
1157 813 1232 879 ἐν
1253 807 1519 901 Ἀργείᾳ
1546 817 1769 897 χθονί.

320 918 546 1001 φίλων
575 912 654 980 δὲ
678 910 936 1001 χρυσὸν
962 910 1285 992 πολλάκις
1314 913 1770 1003 δωρουμένων
2008 928 2111 985 875

321 1010 450 1083 ούκ
482 1010 840 1094 είσεδέξατ’
875 1011 1066 1082 οἶκον
1094 1010 1261 1083 οὐδὲ
1284 1012 1442 1094 τοὺς
1470 1013 1761 1103 τρόπους

325 1115 616 1197 δούλους
650 1116 940 1203 παρέσχε
966 1116 1324 1206 χρημάτων
1352 1117 1656 1203 ζευχθεὶς
1690 1111 1843 1185 ὕπο.

325 1215 486 1299 τοὺς
519 1214 584 1287 δ’
617 1217 1220 1308 ἐξαμαρτάνοντας,
1249 1214 1401 1304 ούχὶ
1427 1215 1552 1305 τὴν
1579 1217 1775 1287 πόλιν

323 1316 599 1409 ἤχθαιρ’
619 1342 634 1356 ·
669 1321 820 1388 ἐπεί
839 1346 943 1389 τοι·
966 1317 1216 1390 κούδὲν
1243 1324 1423 1389 αἰτία
1451 1319 1645 1399 πόλις

322 1428 544 1501 κακῶς
570 1421 874 1490 κλύουσα
902 1420 1018 1490 διὰ
1046 1421 1474 1511 κυβερνήτην
1500 1420 1731 1491 κακόν.
2004 1437 2110 1493 880

321 1520 358 1591 ὁ
387 1519 454 1591 δ’
487 1514 578 1593 αὖ
604 1529 827 1612 τρίτος
854 1521 1054 1593 τοῖνδ’
1079 1520 1497 1612 Ἱππομέδων
1522 1518 1777 1593 τοιόσδ’
1814 1529 1945 1612 ἔφυ
1964 1547 1977 1560 ·

322 1639 476 1705 παῖς
505 1620 600 1693 ὢν
631 1624 937 1714 ἐτόλμησ’
977 1623 1192 1707 εὐθὺς
1219 1622 1305 1696 ού
1332 1622 1501 1716 πρὸς
1524 1622 1773 1714 ἡδονὰς

323 1734 631 1797 Μουσῶν
657 1730 1032 1817 τραπέσθαι
1062 1734 1233 1814 πρός
1268 1751 1340 1793 τε
1376 1728 1733 1813 μαλθακὸν
1770 1734 1944 1811 βίον,

323 1826 578 1918 άγρούς
603 1829 680 1898 δὲ
708 1834 956 1916 ναίων,
988 1829 1248 1918 σκληρὰ
1274 1837 1357 1919 τῇ
1386 1829 1591 1917 φύσει
1619 1827 1853 1909 διδοὺς

323 1938 546 2021 ἔχαιρε
574 1928 740 2021 πρὸς
763 1927 1149 2022 τάνδρεῖον,
1181 1941 1278 2011 εἷς
1303 1927 1366 2000 τ’
1400 1927 1609 2019 ἄγρας
1640 1928 1766 1998 ι’ὢυ
2004 1946 2107 2002 885

321 2038 551 2112 ἵπποις
579 2059 650 2101 τε
673 2039 930 2122 χαίρων
957 2033 1112 2114 τόξα
1137 2030 1200 2102 τ’
1233 2037 1554 2102 ἐντείνων
1578 2048 1826 2122 χεροῖν,

323 2133 514 2204 πόλει
543 2151 910 2223 παρασχεῖν
937 2142 1128 2222 σῶμα
1151 2135 1479 2224 χρήσιμον
1504 2137 1753 2203 θέλων.

325 2232 362 2304 ὃ
395 2243 510 2323 τῆς
539 2244 844 2325 κυναγοῦ
873 2234 939 2306 δ’
973 2234 1172 2319 ἄλλος
1192 2234 1593 2323 Ἀταλάντης
1619 2236 1842 2324 γόνος,

322 2352 476 2416 παῖς
500 2346 1049 2428 Παρθενοπαῖος,
1082 2338 1261 2420 εἶδος
1288 2339 1701 2425 ἐξοχώτατος,

315 2435 554 2527 Ἀρκὰς
579 2441 704 2527 μὲν
729 2433 851 2528 ἦν,
886 2439 1112 2510 ἐλθών
1139 2438 1205 2510 δ’
1246 2434 1353 2508 ἐπ’
1380 2436 1637 2526 Ἰνάχου
1664 2439 1825 2527 ῥοὰς
2004 2458 2111 2512 890

321 2540 713 2611 παιδεύεται
741 2539 890 2611 κατ’
912 2539 1175 2632 Ἄργος.
1248 2543 1602 2630 ἐκτραφεὶς
1632 2537 1699 2609 δ’
1738 2544 1877 2610 ἐκεῖ

321 2649 591 2730 πρῶτον
616 2645 775 2732 μέν,
805 2640 894 2722 ὥς
921 2641 1046 2733 χρὴ
1076 2641 1233 2724 τοὺς
1261 2649 1739 2730 μετοικοῦντας
1764 2645 2015 2730 ξένους,

320 2743 619 2834 λυπηρὸς
647 2741 774 2814 οὐκ
804 2735 893 2833 ἦν
919 2741 1073 2814 οὐδ’
1109 2747 1484 2832 ἐπίφθονος
1509 2743 1702 2813 πόλει

323 2840 476 2913 οὐδ’
515 2846 848 2935 ἐξεριστὴς
875 2855 1012 2916 τῶν
1039 2847 1296 2935 λόγων,
1329 2842 1501 2916 ὅθεν
1530 2843 1744 2935 βαρὺς

322 2946 586 3034 μάλιστ’
623 2945 709 3018 ἂν
738 2958 840 3036 εἴη
873 2949 1162 3038 δημότης
1191 2976 1263 3019 τε
1290 2951 1405 3018 καὶ
1432 2952 1647 3032 ξένος·
2006 2965 2107 3019 895

320 3047 540 3135 λόχοις
573 3047 638 3120 δ’
674 3049 967 3139 ἐφεστὼς
997 3048 1222 3139 ὥσπερ
1241 3049 1537 3139 Ἀργεῖος
1562 3048 1776 3136 γεγώς

321 3147 540 3237 ἤμυνε
567 3153 785 3244 χώρᾳ,
809 3149 1054 3240 χὼπότ’
1093 3143 1173 3220 εὖ
1201 3151 1489 3241 πράσσοι
1516 3151 1725 3238 πόλις,

322 3258 581 3342 ἔχαιρε,
612 3262 884 3344 λυπρῶς
911 3251 978 3324 δ’
1020 3261 1302 3345 ἔφερεν,
1336 3263 1403 3323 εἴ
1421 3281 1485 3322 τι
1515 3259 1856 3339 δυστυχοῖ.

320 3354 614 3437 πολλοὺς
641 3353 707 3426 δ’
741 3354 1020 3447 ἐραστὰς
1049 3353 1226 3427 κάπὸ
1256 3361 1558 3444 θηλειῶν
1585 3351 1745 3434 ὅσας

323 3461 532 3545 ἔχων,
563 3459 886 3550 ἐφρούρει
913 3459 1126 3548 μηδὲν
1152 3457 1651 3549 ἐξαμαρτάνειν.
2006 3467 2111 3522 900
