2492 3900
602 172 1019 230 ΗΡΑΚΛΗΣ
1055 173 1673 239 ΜΑΙΝοΜΕΝοΣ
1817 146 1824 155 ’
2036 172 2160 236 353

134 348 341 413 ΑΓΓ.
380 345 665 410 τεθνᾶσι
690 345 942 419 παῖδες.
1015 349 1155 409 XO.
1193 347 1357 413 αἰαῖ.

134 453 339 514 ΑΓΓ.
376 439 749 527 στενάζεθ’,
786 437 875 522 ὥς
902 440 1252 510 στενακτά.
1323 450 1481 510 ΧΟ.·
1503 441 1674 510 δάιοι
1708 439 1941 528 φόνοι,

373 543 558 614 δάιοι
586 544 661 613 δὲ
687 544 940 612 τοκέων
964 557 1201 631 χεῖρες.
2056 562 2157 619 915

135 652 340 716 ΑΓΓ.
382 642 508 714 οὐκ
538 641 630 714 ἅν
655 671 754 726 τις
783 655 961 714 εἴποι
985 651 1243 733 μᾶλλον
1269 638 1313 731 ἢ
1342 643 1801 734 πεπόνθαμεν.

137 755 289 817 XO.
373 754 511 827 πῶς
539 749 731 817 παισὶ
759 744 1128 817 στενακτὰν
1153 742 1324 815 ὅταν
1349 742 1517 815 ἄταν

374 849 658 938 πατέρος
685 845 1080 936 άμφαίνειςς

377 952 530 1038 λέγε
557 956 711 1020 τίνα
736 949 990 1039 τρόπον
1017 957 1218 1020 ἔσυτο
1246 948 1508 1019 θεόθεν
1542 951 1651 1019 ἐπὶ

370 1054 679 1141 μέλαθρα
706 1049 882 1121 κακὰ
911 1051 1071 1120 τάδε
2057 1069 2158 1123 920

374 1153 697 1242 τλήμονές
734 1181 807 1223 τε
838 1159 1105 1224 παίδων
1137 1152 1353 1240 τύχαι.

139 1263 337 1326 ΑΓΓ.
377 1254 523 1347 ἱερὰ
549 1257 674 1344 μὲν
699 1250 788 1344 ἦν
815 1255 1150 1344 πάροιθεν
1178 1255 1459 1344 ἐσχάρας
1479 1255 1651 1334 Διὸς

375 1354 685 1447 καθάρσι’
719 1367 961 1445 οἴκων,
992 1365 1112 1446 γῆς
1141 1351 1364 1426 ἄνακτ’
1401 1358 1545 1426 ἐπεὶ
1573 1352 1839 1425 κτανών

371 1461 637 1548 ἐξέβαλε
662 1464 880 1529 τῶνδε
907 1458 1235 1547 δωμάτων
1256 1455 1615 1547 Ἡρακλέης
1631 1479 1646 1494 ’
1672 1546 1677 1554 .

370 1559 572 1650 χορὸς
599 1561 675 1631 δὲ
703 1567 1162 1651 καλλίμορφος
1191 1559 1479 1649 εἱστήκει
1506 1563 1763 1630 τέκνων
2055 1578 2155 1632 925

371 1663 586 1752 πατήρ
614 1691 687 1732 τε
714 1663 1006 1753 Μεγάρα
1032 1661 1097 1733 τ’
1115 1684 1129 1697 ·
1159 1667 1234 1733 ἐν
1261 1661 1492 1754 κύκλῳ
1519 1659 1588 1732 δ’
1621 1658 1755 1751 ἤδη
1784 1670 2042 1733 κανοῦν

381 1769 626 1835 εἵλικτο
660 1772 928 1854 βωμοῦ,
960 1768 1237 1853 φθέγμα
1265 1763 1330 1834 δ’
1362 1759 1558 1833 ὅσιον
1588 1773 1869 1852 εἴχομεν.

369 1867 633 1955 μέλλων
659 1867 737 1936 δὲ
764 1864 975 1937 δαλὸν
1007 1869 1180 1956 χειρὶ
1208 1869 1396 1957 δεξιᾷ
1424 1868 1680 1956 φέρειν,

373 1976 467 2051 εἰς
491 1967 750 2059 χέρνιβ’
789 1964 878 2049 ὦς
903 1968 1218 2059 βάψειεν,
1241 1967 1611 2056 ’Λλκμήνης
1637 1964 1828 2049 τόκος

365 2078 520 2160 ἔστη
546 2078 786 2159 σιωπῇ.
827 2072 944 2140 καὶ
967 2079 1389 2161 χρονίζοντος
1415 2068 1665 2158 πατρὸς
2049 2088 2155 2143 930

366 2178 602 2255 παῖδες
628 2176 1000 2261 προσέσχον
1029 2169 1190 2261 ὄμμ’
1211 2196 1226 2210 ·
1282 2168 1320 2237 ὃ
1351 2168 1417 2243 δ’
1453 2168 1694 2241 οὐκέθ’
1728 2168 1932 2266 αὐτὸς
1958 2163 2066 2263 ἦν,

363 2271 511 2343 ἀλλ’
543 2279 619 2345 ἐν
646 2290 1045 2365 στροφαῖσιν
1077 2272 1394 2364 ὀμμάτων
1420 2276 1848 2363 ἐφθαρμένος

365 2379 546 2463 ῥίζας
572 2373 633 2445 τ’
667 2381 741 2447 ἐν
772 2376 998 2458 ὄσσοις
1024 2375 1407 2466 αἰματωπός
1439 2377 1763 2466 ἐκβαλών,

365 2475 591 2572 ἀφρὸν
618 2475 954 2562 κατέσταζ’
990 2476 1306 2568 εὐτρίχου
1338 2479 1703 2567 γενειάδος.

363 2583 544 2661 ἔλεξε
571 2577 636 2650 δ’
670 2577 804 2669 ἅμα
834 2585 1074 2671 γέλωτι
1103 2583 1762 2672 παραπεπληγμένῳ
2046 2596 2151 2655 985

361 2679 570 2772 πάτερ
586 2734 605 2769 ,
635 2690 706 2752 τί
728 2684 882 2753 θύω
909 2686 1074 2772 πρὶν
1101 2699 1374 2753 κτανεῖν
1398 2679 1772 2771 Εὐρυσθέα

363 2783 740 2873 καθάρσιον
767 2792 939 2875 πῦρ,
972 2787 1087 2855 καὶ
1114 2786 1365 2866 πόνους
1402 2789 1682 2865 διπλοῦς
1710 2791 1835 2870 ἔχω

363 2883 513 2967 ἐξὸν
540 2893 694 2974 μιᾶς
719 2914 833 2974 μοι
860 2884 1081 2977 χειρὸς
1109 2879 1192 2957 εὐ
1216 2891 1473 2957 θέσθαι
1498 2886 1695 2971 τάδε,

365 2984 529 3058 ὅταν
557 2986 624 3058 δ’
658 2991 908 3077 ἐνέγκω
938 2995 1145 3079 δεῦρο
1177 2986 1371 3079 κρᾶτ’
1400 2987 1842 3079 Εὐρυσθέως,

361 3092 472 3159 ἐπὶ
496 3104 669 3160 τοῖσι
697 3098 831 3161 νῦν
858 3099 1196 3163 θανοῦσιν
1219 3089 1433 3180 ἁγνιῶ
1462 3095 1677 3181 χέρας.
2043 3106 2148 3161 940

360 3195 611 3280 ἐκχεῖτε
639 3194 886 3282 πηγάς,
918 3190 1177 3283 ῥίπτετ’
1205 3198 1280 3265 ἐκ
1305 3201 1554 3282 χειρῶν
1580 3200 1772 3263 κανᾶ.

357 3300 458 3374 τίς
485 3322 600 3382 μοι
629 3300 870 3365 δίδωσι
895 3297 1090 3379 τάξας
1119 3303 1218 3377 τίς
1244 3293 1313 3366 δ’
1347 3292 1559 3365 ὅπλον
1583 3296 1811 3387 χερός;

357 3393 526 3484 πρὸς
551 3395 667 3477 τὰς
693 3397 1032 3487 Μυκήνας
1061 3396 1198 3486 εἶμι
1217 3420 1234 3435 ·
1265 3398 1595 3483 λάζυσθαι
1622 3397 1840 3488 χρεών

357 3496 647 3586 μοχλούς
676 3502 984 3581 δικέλλας
1009 3497 1112 3587 θ’,
1144 3496 1234 3581 ὡς
1260 3498 1343 3570 τὰ
1370 3500 1772 3569 Κυκλώπων
1798 3494 2027 3585 βάθρα

291 3612 473 3655 tvm».
514 3618 640 3656 vox„
687 3602 731 3657 1.
1732 3594 1814 3655 23
