2492 3900
897 167 1343 225 ΑΛΚΗΣΤΙΣ
2053 168 2137 232 29

350 335 478 425 τὴν
503 335 634 425 σὴν
659 333 977 428 πατρῴαν
1001 338 1262 425 ἑστίαν,
1293 335 1580 407 ἀπεῖπον
1606 333 1710 406 ἄν.

352 436 543 526 ἡμεῖς
572 440 679 524 δέ,
710 434 877 507 τούν
905 439 1105 507 ποσὶν
1132 437 1260 528 γὰρ
1290 440 1549 509 οἰστέον
1576 440 1805 525 κακόν,

350 548 751 628 στείχωμεν,
783 535 874 619 ῶς
901 534 986 608 ἂν
1013 543 1088 608 ἐν
1117 548 1302 633 πυρᾷ
1328 549 1565 629 θῶμεν
1592 542 1859 629 νεκρόν.
2034 560 2138 615 740

12 712 15 737 ι
113 652 180 711 Χ
179 650 260 711 Ο.
350 641 430 713 ἰῶ
460 642 559 711 ἰῶ.
616 649 882 729 σχετλία
908 641 1186 729 τόλμης,

12 758 14 763 ’
354 736 410 812 ῶ
438 751 720 831 γενναία
747 744 862 813 καὶ
886 740 1021 830 μέγ’
1056 740 1317 833 ἀρίστη,

351 862 542 934 χαῖρε
560 867 574 883 ·
615 846 948 936 πρόφρων
975 845 1049 913 σὲ
1077 846 1352 933 χθόνιός
1378 844 1449 915 θ’
1472 844 1709 938 Ἑρμῆς

337 944 570 1036 ’Ἅιδης
596 974 668 1016 τε
698 944 953 1033 δέχοιτ’.
999 952 1063 1015 εἰ
1085 948 1166 1015 δέ
1187 974 1251 1016 τι
1278 945 1477 1017 κάκεῖ

351 1052 560 1119 πλέον
587 1045 711 1119 ἔστ’
745 1045 1050 1137 ἀγαθοῖς,
1080 1045 1342 1118 τούτων
1369 1047 1705 1137 μετέχουο)
2033 1066 2133 1121 745

337 1147 576 1221 ’Ἅιδου
601 1150 840 1239 νύμφῃ
869 1149 1331 1239 παρεδρεύοις.

113 1262 253 1323 ΘΕ.
349 1252 640 1333 πολλοὺς
668 1253 794 1340 μὲν
817 1249 949 1339 ἤδη
977 1249 1151 1321 κᾶπό
1181 1260 1503 1334 παντοίας
1528 1253 1777 1341 χθονὸς

353 1358 589 1437 ξένους
616 1353 940 1442 μολόντας
969 1352 1099 1423 οἷδ’
1133 1358 1200 1435 ές
1219 1351 1548 1443 Ἀδμήτου
1580 1356 1861 1444 δόμους,

349 1452 452 1538 οἷς
480 1462 723 1527 δεῖπνα
751 1453 1080 1543 προύθηκ’
1106 1478 1121 1493 ·
1151 1454 1323 1541 ἀλλὰ
1349 1454 1538 1527 τοῦδ’
1572 1454 1763 1527 οὔπω
1793 1461 1987 1541 ξένου

345 1557 599 1629 κακίον’
636 1564 732 1639 εἰς
757 1554 944 1645 τήνδ’
979 1560 1206 1628 ἑστίαν
1234 1557 1576 1648 ἐδεξάμην.
2030 1574 2133 1629 750

348 1658 423 1741 ὃς
450 1668 684 1751 πρῶτα
710 1660 836 1748 μὲν
861 1666 1253 1730 πενθοῦντα
1279 1662 1610 1749 δεσπότην
1640 1658 1819 1752 ὁρῶν

350 1770 628 1851 εἰσῆλθε
654 1759 1015 1849 κάτόλμησ’
1052 1759 1468 1849 ἀμείψασθαι
1486 1762 1722 1844 πύλας.

349 1872 580 1935 ἔπειτα
608 1861 672 1935 δ’
709 1860 858 1931 οὔτι
886 1864 1256 1954 σωφρόνως
1284 1867 1550 1947 ἐδέξατο

349 1967 431 2037 τὰ
458 1966 924 2056 προστυχόντα
951 1969 1163 2053 ξένια,
1197 1966 1557 2055 συμφορὰν
1582 1966 1845 2056 μαθών,

347 2067 486 2138 ἀλλ’
522 2079 594 2139 εἴ
611 2096 677 2138 τι
703 2066 794 2155 μὴ
823 2068 1178 2156 φέροιμεν,
1209 2063 1515 2156 ῶτρυνεν
1541 2071 1796 2156 φέρειν.
2029 2086 2129 2140 755

350 2177 610 2261 ποτῆρα
639 2167 706 2240 δ’
741 2173 818 2238 έν
843 2175 1137 2259 χείρεσσι
1165 2176 1469 2240 κίσσινον
1494 2169 1721 2258 λαβών

347 2281 530 2343 πίνει
557 2278 878 2362 μελαίνης
905 2270 1150 2362 μητρὸς
1179 2270 1471 2363 εὔζωρον
1496 2276 1696 2360 μέθυ,

345 2378 475 2457 ἕως
501 2370 813 2465 έθέρμην’
847 2371 1059 2444 αὐτὸν
1085 2371 1437 2463 ἀμφιβᾶσα
1463 2374 1631 2465 φλὸξ

354 2487 550 2546 οἴνου
567 2499 584 2515 ·
614 2479 846 2564 στέφει
874 2476 950 2546 δὲ
975 2483 1187 2566 κρᾶτα
1217 2483 1549 2567 μυρσίνης
1575 2476 1846 2557 κλάδοις

350 2574 594 2666 ἅμουσ’
629 2574 973 2647 ὑλακτῶν·
1005 2577 1203 2648 δισσὰ
1231 2576 1299 2647 δ’
1332 2571 1419 2667 ἦν
1447 2578 1611 2666 μέλη
1640 2579 1906 2646 κλύειν·
2027 2594 2131 2648 760

351 2673 390 2748 3
418 2680 544 2767 μὲν
572 2679 701 2770 γὰρ
730 2671 887 2770 ᾖδε,
913 2687 1053 2749 τῶν
1080 2682 1154 2749 ἐν
1174 2676 1505 2768 Ἀδμήτου
1534 2687 1761 2748 κακῶν

352 2779 560 2852 οὐδὲν
586 2789 965 2872 προτιμῶν,
995 2785 1243 2852 οἰκέται
1275 2779 1339 2852 δ’
1372 2786 1725 2870 έκλαίομεν

351 2884 753 2953 δέσποιναν·
787 2881 964 2971 ὄμμα
987 2882 1050 2952 δ’
1085 2882 1211 2954 οὐκ
1239 2887 1635 2972 ἐδείκνυμεν
1662 2887 1830 2975 ξένῳ

349 2982 1070 3074 τέγγοντες·”Αδμητος
1098 2984 1226 3075 γὰρ
1256 2977 1376 3056 οἷδ’
1412 2990 1658 3075 ἐφίετο.

349 3089 464 3156 καὶ
491 3093 626 3158 νῦν
655 3085 784 3176 ἐγω
811 3087 936 3176 μὲν
964 3090 1038 3157 έν
1067 3085 1377 3176 δόμοισιν
1405 3090 1596 3159 ἑστιῶ
2031 3100 2130 3156 765

354 3190 586 3277 ξένον,
617 3197 1010 3280 πανοῦργον
1036 3196 1271 3260 κλῶπα
1297 3193 1409 3260 καὶ
1436 3191 1686 3281 λῃστήν
1712 3183 1884 3277 τινα,

353 3286 396 3376 ἢ
427 3289 495 3359 δ’
532 3295 605 3360 ἐκ
634 3291 864 3380 δόμων
891 3294 1212 3380 βέβηκεν,
1241 3290 1395 3362 οὐδ’
1431 3293 1823 3381 έφεσπόμην

351 3389 506 3460 οὐδ’
541 3395 831 3476 ἐξέτεινα
856 3391 1039 3483 χεῖρ’,
1071 3391 1469 3483 ἆποιμῶζων
1496 3395 1662 3484 ἐμὴν

349 3496 754 3583 δέσποιναν,
783 3491 984 3586 ἢ’μοὶ
1011 3503 1181 3566 πᾶσί
1200 3495 1248 3566 τ’
1283 3498 1644 3569 οἰκέταισιν
1671 3488 1763 3580 ἦν.
