2492 3900
2232 107 2253 123 *-

314 114 437 177 202
1152 115 1461 176 EAENH

317 291 449 353 EA.
534 281 834 369 Ἑλληνίς
852 303 865 318 ·
906 279 1074 350 ἀλλὰ
1102 284 1213 351 καὶ
1240 280 1315 350 τὸ
1347 279 1471 350 σὸν
1497 285 1680 350 θέλω
1707 294 1978 370 μαθεῖν.

314 394 469 454 ΜΕ.
531 381 761 472 Ἑλένῃ
790 381 855 452 σ’
892 380 1133 472 ὁμοίαν
1160 382 1243 470 δὴ
1271 380 1536 471 μάλιστ’
1571 383 1788 472 εἶδον,
1819 386 2045 474 γύναι.

314 494 449 556 ΕΛ.
545 485 674 574 ε’γω
706 485 781 554 δὲ
810 485 1142 578 Μενελάῳ
1170 513 1246 574 γε
1273 483 1339 554 σ’
1361 509 1374 522 ·
1407 482 1558 574 οὐδ’
1594 492 1720 572 ἔχω
1749 494 1820 554 τί
1842 495 1972 575 φῶ.

312 597 471 657 ΜΕ.
543 595 754 676 ἔγνως
786 587 899 677 ἄρ’
939 585 1165 677 ὀρθῶς
1194 585 1412 676 ἄνδρα
1441 591 1992 674 δυστυχέστατον.
2237 609 2346 664 565

316 697 449 759 EA.
549 681 606 759 ὦ
630 688 892 779 χρόνιος
920 688 1145 759 ἐλθών
1174 696 1294 777 σῆς
1323 689 1653 778 δάμαρτος
1680 692 1746 770 ἐς
1772 693 1988 779 χέρας.

318 800 471 860 ΜΕ.
543 801 739 874 ποίας
767 791 1130 881 δάμαρτος,
1167 791 1258 880 μὴ
1289 798 1492 881 θίγῃς
1521 794 1701 879 ἐμῶν
1728 795 2021 862 πέπλων.

316 901 451 962 ΕΛ.
547 892 632 983 ἥν
661 914 766 963 σοι
801 899 1040 963 δίδωσι
1076 895 1474 984 Τυνδάρεως
1501 892 1654 981 ἐμὸς
1685 894 1922 984 πατήρ.

316 1004 472 1064 ΜΕ.
544 987 598 1064 ὦ
628 993 939 1086 φωσφόρ’
970 993 1236 1084 Ἑκάτη,
1268 999 1483 1085 πέμπε
1513 993 1804 1086 φάσματ’
1841 994 2112 1086 εὐμενῆ.

318 1103 453 1166 EA.
551 1095 635 1168 οὐ
662 1105 1124 1186 νυκτίφαντον
1151 1097 1495 1186 πρόπολον
1523 1094 1823 1178 Ἐνοδίας
1849 1094 1920 1186 μ’
1955 1095 2137 1190 ὁρᾷς.
2233 1118 2340 1173 570

318 1207 473 1268 ΜΕ.
548 1196 629 1269 οὐ
657 1199 790 1288 μὴν
819 1207 1163 1288 γυναικῶν
1196 1197 1262 1288 γ’
1297 1195 1390 1280 εἷς
1420 1205 1618 1269 δυοῖν
1646 1206 1824 1287 ἔφυν
1852 1199 2064 1280 πόσις.
2111 1231 2118 1239 ·

319 1308 453 1369 ΕΛ.
554 1309 769 1371 ποίων
799 1302 875 1371 δὲ
901 1305 1198 1390 λέκτρων
1226 1301 1549 1388 δεσπότης
1577 1299 1798 1369 ἄλλων
1829 1308 2032 1389 ἔφυς;

316 1410 475 1470 ΜΕ.
545 1400 632 1489 ἣν
660 1402 870 1492 ἄντρα
899 1405 1135 1474 κεύθει
1164 1401 1291 1473 κάκ
1320 1411 1618 1492 Φρυγῶν
1645 1410 2009 1492 κομίζομαι.

318 1510 455 1571 ΕΛ.
551 1501 676 1572 οὐκ
706 1511 886 1574 ἔστιν
915 1503 1081 1592 ἄλλη
1109 1507 1192 1593 σή
1220 1534 1318 1586 τις
1347 1503 1494 1574 ἀντ’
1531 1509 1694 1592 ἐμοῦ
1723 1507 1920 1593 γυνή.

318 1609 476 1672 ΜΕ.
553 1602 637 1674 οὕ
666 1632 800 1674 που
830 1613 1061 1694 φρονῶ
1089 1608 1214 1694 μὲν
1242 1598 1355 1694 εὖ,
1390 1605 1463 1675 τὸ
1501 1605 1566 1675 δ’
1599 1603 1777 1694 ὄμμα
1804 1635 1937 1694 μου
1963 1626 2155 1679 νοσεῖ
2166 1641 2184 1692 3
2233 1628 2334 1681 575

318 1713 455 1774 ΕΛ.
556 1705 639 1776 οὐ
672 1709 799 1795 γάρ
830 1735 912 1795 με
938 1708 1245 1777 λεύσσων
1272 1707 1401 1796 σὴν
1435 1704 1732 1796 δάμαρθ’
1767 1705 1934 1798 ὁρᾶν
1961 1714 2217 1795 δοκεῖς;

320 1815 477 1876 ΜΕ.
549 1807 623 1877 τὸ
654 1805 821 1898 σῶμ’
859 1805 1123 1898 ὅμοιον,
1154 1808 1227 1878 τὸ
1260 1810 1336 1879 δὲ
1362 1813 1571 1898 σαφές
1597 1806 1668 1898 μ’
1701 1807 2070 1899 ἀποστερεῖ.

318 1917 457 1979 ΕΛ.
553 1914 823 1995 σκέψαι·
864 1919 937 1982 τί
971 1931 1074 1980 σοι
1109 1919 1212 1983 δεῖ
1247 1921 1532 1992 πίστεως
1573 1914 2020 2002 σαφεστέρας;

328 2020 478 2080 ΜΕ.
558 2020 778 2097 ἔοικας
797 2038 814 2052 ·
847 2012 1032 2084 οὗτοι
1063 2015 1264 2084 τοῦτό
1288 2011 1354 2103 γ’
1393 2014 1853 2102 ἐξαρνήσομαι.

320 2120 457 2181 ΕΛ.
554 2124 654 2197 τίς
682 2109 808 2185 οὖν
836 2117 1089 2198 διδάξει
1118 2113 1184 2184 σ’
1216 2114 1413 2195 ἄλλος
1440 2110 1483 2203 ἦ
1509 2113 1590 2183 τὰ
1616 2112 1680 2183 σ’
1716 2113 2007 2203 ὅμματα;
2233 2135 2334 2189 580

320 2223 478 2283 ΜΕ.
548 2220 691 2286 ἐκεῖ
710 2225 1078 2304 νοσοῦμεν,
1110 2214 1212 2286 ὅτι
1240 2214 1521 2307 δάμαρτ’
1557 2214 1767 2304 ἄλλην
1797 2224 1945 2303 ἔχω.

322 2322 458 2384 ΕΛ.
557 2314 682 2385 οὐκ
713 2308 933 2405 ἦλθον
961 2326 1054 2397 εἰς
1079 2325 1210 2406 γῆν
1248 2316 1540 2410 Τρῳάδ’,
1572 2315 1719 2386 ἀλλ’
1754 2325 2037 2387 εἴδωλον
2067 2309 2174 2405 ἦν.

322 2426 479 2485 ΜΕ.
546 2420 661 2487 καὶ
687 2425 786 2499 τίς
812 2420 1143 2507 βλέποντα
1170 2417 1417 2507 σώματ’
1453 2420 1895 2510 ἐξεργάζεταις
2125 2425 2130 2431 ’

321 2528 459 2587 ΕΛ.
553 2522 795 2611 αἰθήρ,
826 2517 995 2591 ὅθεν
1023 2521 1111 2591 σύ
1142 2520 1507 2611 θεοπόνητ’
1542 2530 1708 2609 ἔχεις
1736 2525 1908 2610 λέχη.

322 2630 480 2690 ΜΕ.
553 2631 734 2704 τίνος
762 2623 1131 2707 πλάσαντος
1158 2632 1378 2707 θεῶν;
1408 2621 1657 2693 ἄελπτα
1682 2623 1810 2713 γὰρ
1839 2626 2073 2711 λέγεις.
2229 2639 2329 2693 585

324 2731 459 2792 EA.
536 2722 779 2815 ‘'Hpag,
811 2724 1190 2814 διάλλαγμ’,
1227 2724 1314 2807 ὡς
1341 2726 1558 2815 Πάρις
1584 2754 1666 2813 με
1694 2725 1783 2813 μὴ
1812 2725 2026 2811 λάβοι.

325 2834 480 2893 ΜΕ.
552 2834 692 2905 πῶς
721 2816 850 2894 οὖν
876 2823 993 2912 ἅμ’
1028 2826 1268 2896 ἐνθάδ’
1306 2820 1523 2916 ἦσθας
1550 2832 1624 2897 ἐν
1661 2835 1865 2917 Τροία
1893 2822 1968 2894 θ’
2003 2822 2170 2911 ἄμας

325 2933 460 2994 ΕΛ.
561 2924 860 3013 τοῦνομα
886 2925 1134 3013 γένοιτ’
1168 2924 1254 2998 ἂν
1283 2936 1652 3017 πολλαχοῦ,
1682 2928 1756 2998 τὸ
1791 2936 1980 3014 σῶμα
2009 2923 2077 2995 δ’
2109 2922 2212 2995 οὔ.

325 3035 480 3096 ΜΕ.
550 3030 754 3113 μέθες
779 3056 893 3117 με,
924 3029 1141 3118 λύπης
1171 3027 1316 3112 ἅλις
1345 3038 1514 3120 ἔχων
1543 3032 1861 3120 ἐλήλυθα.

329 3137 462 3197 ΕΛ.
562 3136 815 3211 λείψεις
842 3130 970 3221 γὰρ
998 3128 1201 3220 ἡμᾶς,
1231 3133 1312 3203 τὰ
1343 3134 1417 3203 δὲ
1446 3131 1591 3202 κέν’
1626 3133 1868 3215 ἐξάξεις
1895 3134 2084 3219 λέχηῖ
2231 3147 2334 3201 590

327 3239 481 3299 ΜΕ.
556 3234 668 3300 καὶ
696 3236 889 3322 χαῖρέ
910 3232 1004 3322 γ’,
1034 3232 1263 3325 Ἑλένῃ
1290 3233 1675 3326 προσφερὴς
1704 3230 2013 3304 ὁθούνεκ’
2049 3230 2127 3301 εἷ.

329 3339 462 3399 ΕΛ.
562 3330 955 3422 ἀπωλόμην·
986 3336 1286 3423 λαβοῦσά
1315 3333 1377 3407 σ’
1415 3335 1537 3425 οὐχ
1567 3339 1690 3419 ἔξω
1721 3336 1941 3406 πόσιν.

332 3441 481 3500 ΜΕ.
551 3432 785 3503 τούκεῖ
806 3463 889 3520 με
916 3439 1201 3523 μέγεθος
1227 3444 1364 3506 τῶν
1393 3438 1622 3507 πόνων
1649 3446 1909 3525 πείθει,
1941 3435 2027 3504 σὺ
2057 3431 2124 3503 δ’
2158 3432 2260 3504 οὔ.
