2492 3900
208 798 334 860 Io.

213 1714 360 1774 XO.

971 113 1042 170 H
1039 111 1357 170 ΡΑΚΛΕΙ
1357 115 1473 170 ΔΑ
1479 116 1515 170 Ι
2104 114 2228 178 299

445 279 646 369 ταχὺς
673 277 800 368 γὰρ
817 278 1048 370 ’Ἀργει
1081 287 1209 360 πᾶς
1237 278 1411 372 ἀνὴρ
1438 283 1849 372 βοηδρόμος·

444 383 714 471 μάντεις
733 379 799 452 δ’
833 380 1159 471 ἀθροίσας
1187 380 1504 471 θύσομαι·
1537 383 1622 454 σύ
1651 381 1708 454 δ’
1742 392 1837 466 εἰς
1860 385 2110 474 δόμους
2123 404 2227 459 340

445 484 577 555 σὺν
603 486 792 553 παισὶ
818 485 1054 576 χώρει,
1085 481 1301 572 Ζηνὸς
1330 485 1618 576 ἐσχάραν
1645 486 1881 556 λιπών.

447 589 617 658 εἰσὶν
644 584 773 676 γὰρ
801 592 874 674 οἴ
892 607 1050 672 σου,
1080 580 1210 653 κάν
1239 585 1371 672 ἐγὼ
1400 599 1686 676 θυραῖος
1716 581 1791 676 ὦ,

441 691 772 779 μέριμναν
801 685 1045 770 ἕξουσ’.
1078 683 1225 756 ἀλλ’
1262 685 1365 756 ἴθ’
1402 695 1495 769 εἰς
1521 689 1803 780 δόμους,
1835 692 2054 780 γέρον.

441 788 568 860 οὐκ
596 785 681 857 ἂν
708 796 968 877 λίποιμι
997 789 1261 878 βωμόν,
1297 787 1668 879 εὐξόμεσθα
1702 793 1779 862 δὲ

448 895 656 961 ἱκέται
684 893 1000 979 μένοντες
1029 889 1273 960 ἐνθάδ’
1308 882 1388 960 εὖ
1415 891 1659 982 πρᾶξαι
1690 894 1887 963 πόλιν
1904 917 1918 930 ·
2126 912 2227 965 345

445 985 606 1062 ὅταν
634 990 697 1061 δ’
729 991 989 1080 ἀγῶνος
1015 989 1202 1062 τοῦδ’
1235 989 1637 1082 ἀπαλλαχθῇ
1668 1003 1906 1083 καλῶς,

447 1106 597 1183 ἴμεν
630 1093 796 1184 πρὸς
826 1105 1078 1176 οἴκους.
1119 1104 1341 1164 θεοῖσι
1371 1091 1435 1162 δ’
1468 1092 1553 1163 οὐ
1580 1103 1844 1165 κακίοσι

444 1196 805 1286 χρωμεσθα
831 1196 1278 1284 συμμάχοισιν
1304 1193 1659 1284 Ἀργείων,
1689 1194 1851 1280 ἄναξ
1871 1221 1884 1235 ·

446 1306 584 1368 τῶν
607 1298 732 1386 μὲν
757 1298 886 1387 γὰρ
903 1296 1078 1388 ’Ἡρα
1106 1313 1466 1386 προστατεῖ
1486 1297 1654 1379 Διὸς
1684 1296 1925 1389 δάμαρ,

446 1397 637 1488 ἡμῶν
665 1397 731 1468 δ’
765 1397 1038 1470 Ἀθάνα.
1073 1402 1244 1487 φημὶ
1274 1398 1341 1468 δ’
1375 1406 1469 1480 είς
1498 1397 1865 1490 εὐπραξίαν
2126 1419 2231 1471 350

446 1504 559 1571 καὶ
587 1499 787 1570 τοῦθ’
822 1498 1186 1590 ὑπάρχειν,
1213 1508 1404 1570 θεῶν
1430 1498 1809 1589 ἀμεινόνων
1838 1518 2066 1590 τυχεῖν
2084 1527 2097 1539 ·

447 1606 784 1692 νικωμένη
814 1601 944 1693 γὰρ
973 1602 1244 1683 Παλλὰς
1276 1599 1403 1672 οὐκ
1430 1599 1747 1686 ἀνέξεται.

447 1713 510 1775 εἰ
537 1704 624 1776 σύ
651 1704 802 1794 μέγ’
835 1702 1094 1793 αὐχεῖς,
1124 1709 1341 1794 ἕτεροι
1958 1727 2098 1792 στρ.

446 1814 571 1876 σοῦ’
606 1809 813 1876 πλέον
842 1804 926 1875 οὐ
954 1810 1290 1894 μέλονται,

445 1906 610 1993 ξεῖν’
645 1905 974 1999 Ἀργόθεν
1003 1907 1345 1979 ἐπελθών·
2128 1925 2231 1979 355

448 2018 998 2100 μεγαληγορίαισι
1026 2009 1090 2080 δ’
1121 2010 1279 2097 ἐμὰς

451 2116 705 2202 φρένας
731 2109 814 2181 οὐ
843 2113 1180 2200 φοβήσεις.

452 2215 648 2303 μήπω
677 2230 820 2294 ταῖς
845 2215 1239 2301 μεγάλαισιν
1268 2209 1444 2282 οὕτω

448 2319 562 2386 καὶ
589 2315 1007 2404 καλλιχόροις
1037 2313 1354 2395 Ἀθάναις

453 2429 576 2506 εἴη.
607 2416 696 2487 σὺ
728 2415 794 2486 δ’
827 2415 1068 2505 ἄφρων
1096 2413 1134 2487 ὅ
1165 2413 1223 2485 τ’
1246 2414 1481 2505 ’Ἀργει
2128 2432 2233 2487 36υ

451 2521 808 2589 Σθενέλου
835 2519 1168 2607 τύραννος
1184 2542 1197 2555 ·

451 2620 527 2703 ὃς
554 2622 752 2691 πόλιν
779 2618 1005 2690 ἐλθών
1033 2623 1268 2708 ἑτέραν
1986 2618 2126 2691 ἆντ.

455 2721 661 2793 οὐδὲν
689 2720 998 2793 ἐλάσσον’
1026 2720 1338 2813 ”Αργους,

451 2833 640 2894 θεῶν
672 2832 942 2914 ίκτῆρας
970 2823 1211 2905 ἀλάτας

455 2929 568 2996 καὶ
595 2930 754 3015 ἐμᾶς
779 2926 1028 3014 χθονὸς
1053 2924 1465 3013 άντομένους
2130 2942 2233 2997 365

456 3031 642 3111 ξένος
673 3025 770 3098 ὥν
798 3036 1033 3117 βιαίως

454 3135 701 3218 ἕλκεις,
729 3128 812 3201 οὐ
843 3138 1236 3218 βασιλεῦσιν
1266 3133 1459 3217 εἴξας,

460 3231 587 3302 οὐκ
617 3229 780 3303 ἄλλο
810 3239 1076 3304 δίκαιον
1105 3232 1334 3303 εἰπών.

456 3341 591 3404 ποῦ’
619 3343 829 3405 ταῦτα
854 3343 1073 3416 καλῶς
1099 3331 1184 3404 ἂν
1212 3346 1315 3423 εἴη

854 3454 958 3508 353
976 3480 1049 3489 ·-
1068 3453 1166 3509 361
1196 3468 1280 3495 =
1306 3452 1410 3509 362
1425 3478 1500 3489 -·
1518 3451 1623 3507 370
