2492 3900
130 1008 279 1070 XO-

982 126 1370 184 HAEKTPA
2033 132 2155 196 255

376 285 554 358 ωσθ’
586 293 664 359 ἕν
690 288 761 378 y'
796 288 902 360 ἐπ’
935 283 1114 381 ἦμαρ
1140 290 1390 363 τούσδε
1417 303 1766 385 πληρῶσαι
1794 311 2017 394 βορᾶς
2049 323 2149 376 425

370 395 443 460 ἐν
471 407 608 472 τοῖς
638 391 965 474 τοιούτοις
993 390 1059 463 δ’
1092 391 1274 482 ἡνίκ’
1307 424 1394 465 αν
1420 399 1687 486 γνώμης
1715 406 1918 492 πέσω,

370 499 598 562 σκοπῶ
624 491 707 563 τὰ
730 493 1027 583 χρήμαθ’
1062 524 1151 577 ως
1179 504 1312 584 ἔχει
1338 501 1511 586 μέγα
1536 505 1801 593 σθένος,

376 602 600 682 φίλοις
629 622 703 665 τε
730 601 973 667 δοῦναι
999 599 1190 686 σῶμά
1215 597 1279 666 τ’
1313 606 1408 682 είς
1435 602 1643 673 νόσον
1669 607 1878 678 πεσὸν

372 696 737 767 δαπάναισι
764 705 1010 768 σῶσαι·
1042 706 1159 789 τῆς
1187 697 1253 769 δ’
1287 699 1403 790 ἐφ’
1438 700 1697 795 ἡμέραν
1724 717 1932 799 βορᾶς

373 804 464 879 εἰς
493 796 739 888 μικρὸν
764 795 945 888 ἥκει·
983 808 1111 882 πᾶς
1136 801 1268 892 γὰρ
1298 807 1772 936 ἐμπλησθεὶς’
1735 812 1906 902 ανὴρ
2049 836 2149 884 43⁴⁵]

365 897 402 969 ὁ
430 900 747 983 πλούσιός
774 929 847 972 τε
872 930 967 992 χω
996 905 1202 993 πένης
1232 913 1382 975 ἴσον
1410 911 1622 998 φέρει.

361 1006 623 1073 κλειναὶ
649 1013 842 1093 νᾶες,
874 1010 952 1074 αἴ
969 1003 1119 1076 ποτ’
1152 1013 1396 1095 ἔμβατε
1431 1018 1680 1103 Τροίαν
1888 1037 2029 1100 στρ4

366 1120 502 1185 τοϊς
528 1103 916 1197 ἀμετρήτοις
943 1111 1241 1200 ἐρετμοῖς

364 1210 746 1295 πέμπουσαι
769 1208 1016 1299 χοροὺς
1042 1209 1206 1298 μετά
1231 1213 1597 1303 Νηρῄδων,

364 1306 457 1378 ἵν’
489 1306 524 1378 ὁ
556 1318 883 1398 φίλαυλος
911 1319 1154 1382 ἔπαλλε
1183 1319 1340 1382 δελ-
2041 1344 2137 1392 43ς.

366 1412 481 1497 φὶς
514 1411 814 1505 πρῴραις
844 1415 1331 1503 κυανεμβόλοις

365 1513 838 1603 εἱλισσόμενος,

361 1616 677 1704 πορεύων
705 1615 825 1686 τὸν
851 1625 967 1699 τᾶς
996 1620 1271 1701 Θέτιδος

360 1724 625 1805 κοῦφον
653 1715 830 1807 ἅλμα
856 1726 1086 1789 ποδῶν
1107 1719 1329 1810 Ἀχιλῆ

358 1818 490 1888 σὺν
514 1817 956 1909 Ἀγαμέμνονι
995 1830 1253 1910 Τρωίας
2037 1856 2137 1900 44⁴]

356 1923 467 1990 ἐπὶ
501 1929 958 2011 Σιμουντίδας
984 1921 1205 2006 ἀκτάς.

355 2030 673 2113 Νηρῇδες
701 2022 767 2095 δ’
798 2022 1141 2114 Εὐβοῖδας
1171 2024 1374 2110 ἀκτᾶς
1401 2037 1718 2102 λιποῦσαι
1863 2034 2001 2108 ἀντ.

346 2121 716 2213 Ἡφαίστου
742 2131 1052 2218 χρυσέων
1077 2128 1394 2218 ἀκμόνων

355 2226 656 2315 μόχθους
684 2226 1003 2312 ἀσπιστὰς
1032 2239 1282 2324 ἔφερον
1308 2238 1620 2323 τευχέων,

357 2326 489 2399 ἀνά
514 2357 587 2400 τε
612 2332 877 2419 Πήλιον
904 2330 1034 2403 ἆνά
1060 2362 1133 2404 τε
1160 2333 1341 2426 πρύ-
2033 2373 2057 2409 4
2077 2365 2129 2409 45:-

354 2459 523 2518 μνας
538 2429 786 2514 ’Όσσας
816 2434 997 2525 ἱερὰς
1030 2436 1266 2524 νάπας,

351 2541 725 2622 Νυμφαίας
755 2537 1055 2625 σκοπιάς,

353 2635 555 2724 κόρας
582 2636 889 2726 μάτευσ’,
921 2647 1091 2708 ἔνθα
1120 2640 1337 2730 πατὴρ

355 2737 633 2819 ἱππότας
659 2741 906 2832 τρέφεν
930 2738 1195 2812 Ἑλλάδι
1223 2751 1369 2833 φῶς

354 2841 627 2923 Θέτιδος
660 2842 953 2911 εἰνάλιον
980 2844 1207 2933 γόνον,
2029 2869 2129 2917 441]

350 2938 732 3035 ταχύπορον
761 2942 916 3013 πόδ’
949 2942 1334 3036 Ἀτρείδαις.

342 3036 626 3114 Ἰλιόθεν
659 3045 726 3114 δ’
760 3048 1003 3117 ἔκλυόν
1028 3077 1209 3132 τινος
1235 3056 1312 3122 ἐν
1337 3052 1598 3142 λιμέσιν
1881 3076 2017 3137 στρ,

346 3151 764 3217 Ναυπλίοισι
790 3156 1085 3237 βεβῶτος

345 3252 463 3328 τᾶς
489 3256 609 3329 σᾶς
628 3302 647 3338 ,
680 3240 735 3318 ὦ
763 3254 1035 3334 Θέτιδος
1062 3269 1202 3343 παῖ,

739 3368 841 3423 432
861 3396 935 3405 --
953 3370 1051 3424 441
1086 3398 1171 3425 =-:.
1198 3372 1304 3427 442
1320 3398 1397 3411 -·-
1413 3374 1511 3429 451

739 3471 841 3524 452
856 3498 930 3506 —
948 3472 1051 3527 463
1077 3495 1163 3523 =
1188 3473 1292 3529 464
1307 3501 1382 3511 —-
1397 3475 1501 3531 475
