2492 3900
315 168 444 234 320

321 595 456 658 ET.

326 2186 466 2247 ΑΛ.

325 2856 464 2919 XO.

1055 170 1558 228 ΗΡΑΚΛΕΙΔΑ
1564 171 1604 226 Ι
1847 5 2479 206 τ

526 327 716 400 τόνδ’
749 324 888 397 εἶτα
913 327 1160 432 νεκρὸν
1185 341 1322 407 τοις
1343 334 1793 433 μετελθοῦσιν
1817 335 2038 415 φίλων

527 416 756 483 δωσω·
788 411 862 480 τὸ
895 413 1024 517 γὰρ
1055 409 1224 515 σωμ’
1254 411 1382 479 οὐκ
1411 410 1755 515 ἀπιστήσω
1780 420 2003 500 χθονί,

527 492 728 577 οὗτος
750 499 826 565 δὲ
848 496 1051 564 δώσει
1075 494 1200 580 τὴν
1224 499 1421 581 δίκην
1443 495 1683 563 θανών
1711 497 1873 582 ἐμοί.
2206 519 2353 573 1025

535 578 740 651 κτεῖν’
797 578 880 648 οὐ
905 586 1361 666 παραιτοῦμαί
1382 601 1487 646 σε·
1525 578 1726 664 τήνδε
1752 581 1823 647 δὲ
1848 581 2111 668 πτόλιν,

531 669 675 734 ἐπεί
694 633 840 751 413⁹
802 671 1020 751 αφῆκε
1045 664 1153 731 καὶ
1177 667 1565 768 κατῃδέσθη
1582 678 1873 750 κτανεῖν,

529 756 859 860 ζρησμῷ
831 754 1088 837 παλαιῷ
1113 733 1358 853 Λοξίου
1381 749 1791 854 δωρήσομαι,

531 861 604 913 ος
631 831 964 940 ωφελήσει
988 815 1240 934 μείζον’
1270 826 1313 918 ἢ
1337 835 1563 899 δοκεῖν
1578 831 1827 938 χρόνῳ.

531 917 834 988 θανόντα
858 916 984 1001 γάρ
1011 940 1090 1001 με
1114 913 1385 994 θάψαθ’
1420 907 1506 982 οὗ
1528 916 1602 984 τὸ
1628 917 1984 1001 μόρσιμον,
2210 936 2352 990 1030

538 1009 685 1081 δίας
709 1001 1017 1103 παροιθε
1030 1000 1383 1085 παρθένου
1404 1003 1846 1104 Παλληνιδος.

531 1086 639 1154 καὶ
663 1086 769 1154 σοὶ
791 1084 915 1190 μὲν
939 1081 1182 1162 εὔνους
1203 1087 1316 1151 καὶ
1336 1083 1529 1152 πόλει
1549 1084 1877 1168 σωτήριος

532 1177 832 1258 μέτοικος
861 1165 964 1235 ἀεὶ
983 1172 1289 1274 κείσομαι
1313 1165 1480 1235 κατὰ
1505 1169 1780 1270 χθονός,

533 1268 670 1334 τοῖς
700 1255 912 1320 τωνδε
934 1247 999 1318 δ’
1035 1252 1371 1357 ἐκγόνοισι
1398 1248 1909 1336 πολεμιώτατος,

537 1364 700 1407 οταν
728 1337 980 1442 μόλωσι
1007 1340 1223 1438 δεῦρο
1234 1333 1367 1403 σὺν
1396 1341 1612 1442 πολλῇ
1632 1339 1774 1421 χερὶ
2209 1356 2351 1409 1035

530 1447 728 1524 χαριν
759 1419 1123 1505 προδόντες
1145 1419 1378 1528 τήνδ’·ιε
1414 1421 1740 1486 τοιούτων
1762 1423 1971 1500 ξένων

531 1504 926 1609 προύστητε.
953 1529 1092 1580 πως
1115 1530 1244 1571 ουν
1266 1500 1455 1570 ταῦτ’
1492 1504 1619 1610 ἐγώ
1646 1506 2071 1610 πεπυσμένος

520 1584 724 1694 δεῦρ’
761 1579 1012 1673 ἦλθον,
1037 1585 1186 1656 ἀλλ’
1217 1585 1303 1655 οὐ
1336 1588 1636 1674 χρησμὸν
1657 1584 1969 1693 ᾐδούμην
1992 1597 2207 1672 θεοῦ;

520 1671 738 1778 ’Ἡραν
739 1675 1048 1776 νομίζων
1071 1672 1437 1779 θεσφάτων
1459 1677 1744 1779 κρείσσω
1770 1670 1943 1739 πολυ

533 1754 702 1825 κούκ
726 1781 810 1821 αν
835 1760 1215 1860 προδοῦναί
1233 1753 1331 1840 μ.
1362 1753 1529 1823 ἀλλὰ
1540 1757 1715 1861 μήτε
1734 1781 1850 1861 μοι
1871 1780 2029 1840 χοας
2210 1775 2348 1829 1040

533 1837 701 1944 μηθ’
731 1832 869 1943 αἷμ’
883 1837 1108 1944 έοῖσητ’
1133 1846 1226 1920 εἰς
1252 1838 1414 1925 ἐμὰν
1437 1840 1668 1945 στάξαι
1692 1865 1931 1946 ταφον.

533 1923 744 1994 κακὰν
771 1949 899 2011 γαρ
925 1920 1152 2004 αυτοῖς
1178 1926 1427 1992 νόστον
1450 1920 1600 1992 ἀντὶ
1624 1921 1828 1991 τωνδ’
1858 1926 1931 2009 ἐγ
1934 1951 1987 1991 ω

527 2010 753 2077 δώσω·
777 2013 1066 2075 διπλοῦν
1090 2010 1162 2075 δὲ
1184 2011 1425 2113 κέρδος
1448 2006 1613 2089 ἕξετ’
1640 2011 1707 2089 ἐξ
1732 2012 1919 2113 ἐμοῦ,

533 2092 707 2179 ὑμᾶς
728 2089 788 2159 τ’
819 2089 1067 2197 ὀνήσω
1079 2093 1324 2162 τούσδε
1350 2117 1422 2159 τε
1446 2093 1682 2179 βλάψω
1707 2094 1963 2161 θανων.

537 2184 604 2244 τί
621 2180 787 2261 δῆτα
803 2172 1094 2282 μέλλετ’,
1122 2182 1183 2244 εἰ
1203 2176 1397 2245 πόλει
1421 2182 1757 2283 σωτηρίαν
2208 2196 2342 2251 1045

533 2260 1070 2364 κατεργασασθαι
1095 2266 1272 2328 τοῖσί
1296 2258 1359 2327 τ’
1392 2263 1457 2341 ἐξ
1483 2258 1685 2367 ὑμῶν
1708 2261 1945 2367 χρεών,

531 2349 818 2412 κτείνειν
840 2341 961 2408 τὸν
985 2340 1198 2429 ανδρα
1220 2342 1410 2412 τόνδ’
1418 2342 1827 2452 ,ἀκούοντες
1848 2345 2042 2414 τάδε·
2026 2375 2045 2427 ;

531 2431 833 2496 δείκνυσι
855 2424 981 2537 γὰρ
1005 2430 1336 2497 κέλευθον
1368 2425 1900 2536 ασφαλεστατην.

530 2510 772 2598 ἐχθρὸς
791 2511 975 2627 ‘dv‘
941 2509 1145 2617 ανήρ,
1171 2510 1443 2622 ωφελεῖ
1440 2514 1512 2580 δὲ
1536 2517 1913 2581 κατθανών.

531 2595 1356 2789 3325352535351055229’
1375 2594 1956 2788 mmmm
2206 2620 2344 2672 ¹⁰⁵⁰

534 2758 738 2841 αὖθις
768 2765 1074 2853 πατρῴας
1096 2770 1226 2843 ζων
1251 2706 1372 2851 ἔμῖ
1383 2751 1696 2871 ἐκβαλεῖς
1705 2766 1975 2851 χθονός.

535 2846 744 2915 ταύτὰ
768 2831 967 2916 δοκει
971 2873 1101 2933 μοι.
1132 2845 1431 2935 στείχετ’,
1459 2846 1720 2918 ὀπαδοί.

530 2932 610 2999 τὰ
638 2956 766 3018 γαρ
789 2929 912 3013 ἐξ“
881 2956 1069 3017 ημων

531 3021 846 3102 καθαρως
869 3020 1046 3083 ἔσται
1069 3022 1479 3103 βασιλεῦσιν.
2206 3038 2341 3092 1055
2459 3024 2460 3033 ’
