2492 3900
268 139 393 200 266
1064 138 1462 196 ΗΛΕΚΤΡΑ

499 311 671 398 ποίῳ
695 305 923 398 τρόπῳ
950 305 1169 374 δὲκαὶ
1196 311 1334 373 τίνι
1362 309 1608 398 ῥυθμῷ
1635 305 1856 394 φόνου

497 414 747 477 κτείνει
779 410 1085 476 Θυέστου
1112 412 1356 493 παῖδα,
1399 407 1730 495 βούλομαι
1755 419 2026 496 μαθεῖν.

270 518 463 580 ΑΓΓ.
493 511 639 578 ἐπεὶ
666 509 1031 598 μελάθρων
1056 506 1264 578 τῶνδ’
1299 505 1652 598 ἀπήραμεν
1677 511 1873 598 πόδα,

500 613 842 700 εἰσβάντες
865 603 1037 701 ᾖμεν
1062 618 1380 699 δίκροτον
1410 617 1506 692 εἰς
1531 609 1882 700 ἁμαξιτόν,
2179 631 2276 684 775

498 711 655 783 ἔνθ’
686 705 775 800 ἦν
802 710 841 782 ὁ
866 712 1133 793 κλεινὸς
1156 720 1296 782 τῶν
1319 721 1750 801 Μυκηναίων
1775 711 1960 797 ἅναξ.

496 831 699 903 κυρεῖ
723 816 801 884 δὲ
827 815 1063 902 κήποις
1088 819 1165 884 έν
1190 816 1633 904 καταρρύτοις
1660 817 1898 905 βεβώς,

497 919 769 1006 δρέπων
794 924 1097 1006 τερείνης
1124 925 1458 1007 μυρσίνης
1484 917 1659 1010 κάρα
1689 919 2012 1000 πλόκους·

498 1019 669 1088 ἰδών
694 1016 755 1087 τ’
787 1017 1011 1088 ἀυτεῖ·
1041 1017 1322 1107 χαίρετ’,
1351 1012 1408 1088 ὦ
1435 1022 1645 1102 ξένοι·
1679 1028 1858 1100 τίνες

500 1122 719 1191 πόθεν
744 1119 1117 1212 πορεύεσθ’
1149 1129 1298 1190 ἔστε
1323 1118 1386 1189 τ’
1417 1126 1492 1190 ἐκ
1521 1129 1719 1204 ποίας
1744 1121 2026 1209 χθονός;
2184 1137 2286 1193 780

494 1219 535 1291 ὃ
565 1221 632 1291 δ’
667 1221 800 1293 εἶπ’
831 1222 1177 1315 Ὀρέστης·
1208 1231 1572 1293 Θεσσαλοί·
1601 1221 1769 1314 πρὸς
1797 1221 1856 1292 δ”
1889 1220 2186 1312 Ἀλφεὸν

495 1324 828 1406 θύσοντες
855 1323 1211 1414 ἐρχόμεσθ’
1244 1322 1589 1418 Ὀλυμπίῳ
1615 1333 1758 1394 Διί.

497 1423 728 1494 κλύων
755 1429 833 1496 δὲ
859 1426 1051 1496 ταῦτ’
1082 1439 1418 1515 Αἴγισθος
1445 1430 1711 1497 ἐννέπει
1737 1427 1899 1496 τάδε
1917 1449 1930 1463 ·

497 1535 631 1596 νῦν
659 1528 785 1615 μὲν
813 1526 974 1616 παρ’
1005 1527 1169 1616 ἡμῖν
1194 1529 1324 1618 χρὴ
1350 1538 1749 1611 συνεστίους
1779 1531 1924 1617 ἐμοὶ

493 1635 701 1719 θοίνῃ
730 1632 1055 1717 γενέσθαι
1070 1654 1087 1668 ·
1121 1631 1432 1719 τυγχάνω
1461 1632 1540 1700 δὲ
1564 1637 1936 1719 βουθυτῶν
2189 1649 2294 1704 785

492 1730 851 1819 Νύμφαις·
880 1735 1037 1824 ἑῷοι
1064 1731 1137 1802 δ’
1170 1735 1644 1816 ἐξαναστάντες
1669 1735 1904 1820 λέχους

497 1841 592 1914 εἰς
616 1830 867 1904 ταύτὸν
892 1833 1095 1923 ἥξετ’.
1126 1833 1277 1904 ἀλλ’
1313 1847 1523 1924 ἴωμεν
1550 1843 1645 1917 εἰς
1670 1835 1918 1923 δόμους
1949 1877 2006 1886 —-

493 1938 608 2006 καὶ
635 1935 845 2008 ταῦθ’
878 1935 996 2027 ἅμ’
1028 1935 1319 2028 ἠγόρευε
1346 1941 1460 2007 καὶ
1485 1937 1678 2027 χερὸς
1706 1935 1936 2026 λαβὼν

493 2048 797 2128 παρῆγεν
822 2038 994 2129 ἡμᾶς
1022 2082 1099 2093 —
1129 2038 1284 2110 οὐδ’
1315 2037 1767 2130 ἀπαρνεῖσθαι
1793 2040 2031 2128 χρεών.

494 2143 639 2210 ἐπεὶ
666 2140 732 2211 δ’
768 2146 843 2211 ἐν
870 2154 1079 2223 οἴκοις
1103 2134 1312 2231 ἦμεν,
1341 2144 1606 2211 ἐννέπει
1631 2142 1822 2211 τάδε·
2183 2162 2294 2217 790

492 2240 721 2331 λούτρ’
756 2242 844 2323 ὦς
872 2245 1141 2331 τάχιστα
1172 2260 1312 2325 τοῖς
1339 2246 1556 2326 ξένοις
1581 2272 1682 2326 τις
1707 2247 1970 2333 αἰρέτω,

496 2340 586 2422 ὥς
613 2340 788 2431 ἀμφὶ
814 2344 1049 2433 βωμὸν
1072 2354 1282 2416 στῶσι
1309 2353 1647 2435 χερνίβων
1675 2349 1896 2427 πέλας.

493 2441 642 2513 ἀλλ’
676 2443 817 2515 εἶπ’
844 2444 1181 2536 Ὀρέστης·
1216 2446 1464 2536 ἀρτίως
1488 2445 1869 2537 ἡγνίσμεθα

493 2558 834 2637 λουτροῖσι
862 2561 1189 2640 καθαροῖς
1217 2558 1564 2638 ποταμίων
1591 2554 1892 2639 ῥείθρων
1919 2548 2071 2621 ἄπο.

498 2657 564 2719 εἰ
585 2651 661 2720 δὲ
688 2654 921 2733 ξένους
948 2650 1205 2722 ἀστοῖσι
1232 2652 1572 2722 συνθύειν
1598 2652 1839 2743 χρεών,
2181 2672 2290 2727 795

490 2751 803 2839 Αἴγισθ’,
838 2756 1088 2842 ἕτοιμοι
1114 2752 1284 2825 κούκ
1313 2752 1851 2843 ἀπαρνούμεσθ’,
1883 2752 2068 2838 ἄναξ.

490 2860 731 2922 τοῦτον
758 2854 883 2942 μὲν
911 2846 1039 2924 οὖν
1064 2868 1394 2943 μεθεῖσαν
1421 2860 1494 2926 ἐκ
1522 2859 1732 2946 μέσου
1759 2858 1991 2942 λόγον·

490 2954 728 3041 λόγχας
757 2954 833 3024 δὲ
860 2958 1096 3039 θέντες
1126 2959 1460 3029 δεσπότου
1491 2959 1932 3050 φρουρήματα

490 3061 707 3143 δμῶες
734 3056 902 3141 πρὸς
929 3066 1131 3149 ἔργον
1159 3061 1404 3142 πάντες
1429 3066 1622 3130 ἵεσαν
1646 3064 1860 3152 χέρας.
2014 3066 2023 3070 ’

487 3166 560 3227 οἳ
578 3158 705 3245 μὲν
732 3178 1059 3249 σφαγεῖον
1088 3170 1369 3251 ἔφερον,
1401 3172 1475 3232 οἳ
1502 3161 1569 3232 δ’
1603 3156 1772 3253 ᾖρον
1799 3168 1993 3249 κανᾶ,
2172 3178 2288 3234 800

490 3256 679 3329 ἄλλοι
706 3263 783 3331 δὲ
808 3271 946 3356 πῦρ
976 3262 1277 3353 ἀνῆπτον
1303 3261 1485 3353 ἀμφί
1503 3263 1553 3333 τ’
1587 3266 1864 3353 ἐσχάρας

486 3364 764 3450 λέβητας
792 3362 1106 3455 ὤρθουν·
1136 3375 1314 3436 πᾶσα
1345 3366 1410 3435 δ’
1445 3369 1716 3437 ἐκτύπει
1742 3368 1963 3456 στέγη.

487 3463 716 3549 λαβὼν
744 3467 820 3535 δὲ
846 3467 1181 3556 προχύτας
1208 3467 1455 3556 μητρὸς
1484 3466 1758 3557 εὐνέτης
1787 3471 1995 3538 σέθεν
