2492 3900
349 145 478 212 358
765 163 780 174 ·
817 147 1178 208 ΗΡΑΚΛΗ
1179 149 1238 204 Σ
1269 143 1881 216 ΜΑΙΝΟΜΕΝΟΣ

583 318 751 408 πρὸς
769 315 1068 406 Ἐρινύσι
1093 312 1170 385 θ’
1206 310 1369 403 αἷμα
1396 315 1737 404 σύγγονον
1764 314 1913 398 ἕξει.

355 433 496 498 XO.
585 421 734 492 τότε
760 430 1006 489 θανεῖν
1033 415 1098 488 σ’
1131 422 1365 507 ἐχρῆν,
1393 414 1505 489 ὅτε
1532 417 1817 507 δάμαρτι
1842 422 1929 507 σᾷ

587 522 805 612 φόνον
833 517 1230 609 ὁμοσπόρων

589 633 855 714 ἔμελλες
883 621 1234 713 ἐκπράξειν

597 734 875 816 Ταφίων
903 731 1351 814 περίκλυστον
1382 719 1550 793 ἄστυ
1582 727 1848 813 πέρσας.
2238 735 2371 791 1080

357 841 520 904 ΑΜ.
596 836 784 920 φυγᾷ
811 833 1034 919 φυγᾷ,
1064 829 1409 915 γέροντες,
1444 822 1710 917 ἀποπρὸ
1740 822 2069 912 δωμάτων

590 929 868 1000 διώκετε
894 928 1182 1018 φεύγετε
1209 928 1470 1019 μάργον

589 1030 782 1122 ἄνδρ’
819 1030 1352 1122 ἐπεγειρόμενον.

590 1137 752 1223 τάχα
781 1134 1000 1224 φόνον
1028 1135 1276 1224 ἑτέρων
1305 1135 1415 1202 ἐπὶ
1442 1129 1637 1225 φόνῳ
1663 1129 1893 1220 βαλὼν

595 1235 704 1307 ἀν’
740 1227 831 1306 αὖ
864 1235 1223 1325 βακχεύσει
1252 1240 1617 1323 Καδμείων
1644 1234 1863 1304 πόλιν.
2252 1245 2385 1300 1065

365 1350 506 1410 XO.
601 1330 655 1408 ὦ
682 1345 852 1426 Ζεῦ,
889 1345 961 1407 τί
981 1334 1168 1408 παῖδ’
1202 1334 1503 1427 ἤχθηρας
1532 1327 1654 1406 οἷδ’
1689 1332 2077 1425 ὑπερκότως

596 1439 715 1509 τὸν
746 1440 902 1526 σόν,
931 1446 1161 1510 κακῶν
1187 1439 1266 1509 δὲ
1292 1442 1576 1527 πέλαγος
1605 1445 1700 1520 εἰς
1725 1434 1869 1509 τόδ’
1903 1433 2183 1525 ἤγαγεςς

369 1553 504 1614 ΗΡ.
589 1549 664 1610 ἔα
681 1564 696 1577 ·

597 1651 892 1732 ἔμπνους
915 1645 1042 1730 μέν
1069 1650 1204 1731 είμι
1230 1646 1346 1713 καὶ
1378 1639 1643 1733 δέδορχ’
1678 1639 1849 1732 ἅπερ
1874 1669 1959 1729 με
1986 1647 2115 1726 δεῖ,

599 1747 842 1832 αἰθέρα
870 1773 941 1814 τε
967 1746 1082 1814 καὶ
1109 1753 1239 1834 γῆν
1266 1745 1421 1828 τόξα
1448 1741 1523 1814 θ’
1548 1741 1782 1814 Ἡλίου
1812 1743 2001 1812 τάδε·
2256 1755 2393 1812 1090

601 1844 690 1928 ὥς
719 1843 786 1917 δ’
821 1849 896 1916 ἐν
924 1847 1225 1917 κλύδωνι
1254 1849 1368 1916 καὶ
1394 1853 1673 1935 φρενῶν
1698 1846 2071 1935 ταράγματι

599 1952 912 2021 πέπτωκα
939 1956 1144 2042 δεινῷ
1169 1953 1286 2020 καὶ
1312 1946 1524 2029 πνοὰς
1550 1945 1811 2038 θερμὰς
1838 1949 2021 2019 πνέω

600 2051 928 2139 μετάρσι’,
960 2049 1044 2121 οὐ
1074 2054 1349 2141 βέβαια,
1384 2051 1786 2142 πνευμόνων
1814 2048 1965 2120 ἄπο.

603 2154 790 2240 ἰδού,
818 2161 890 2222 τί
911 2160 1180 2241 δεσμοῖς
1204 2160 1375 2235 ναῦς
1404 2151 1585 2234 ὅπως
1614 2150 2029 2243 ὡρμισμένος

601 2261 880 2325 νεανίαν
911 2253 1195 2344 θωρακα
1220 2258 1335 2326 καὶ
1360 2262 1707 2345 βραχίονα,
2268 2268 2399 2324 1095

603 2352 772 2444 πρὸς
798 2352 1243 2449 ἡμιθραύστω
1272 2364 1485 2449 λαΐνω
1512 2364 1865 2445 τυκίσματι

602 2448 764 2545 ἧμαι
792 2472 1092 2546 νεκροῖσι
1120 2465 1424 2545 γείτονας
1450 2457 1712 2539 θάκους
1742 2466 1948 2546 ἔχων;

605 2559 907 2648 πτερωτά
937 2555 997 2627 τ’
1031 2565 1188 2648 ἔγχη
1216 2561 1374 2642 τόξα
1400 2556 1461 2628 τ’
1496 2568 1818 2650 ἔσπαρται
1851 2562 2058 2651 πέδῳ,

607 2656 649 2731 ά
679 2662 842 2749 πρὶν
868 2659 1344 2751 παρασπίζοντ’
1379 2665 1561 2750 ἐμοῖς
1588 2670 1942 2751 βραχίοσιν

609 2770 808 2844 ἔσωζε
835 2761 1132 2851 πλευρὰς
1157 2766 1225 2845 ἐξ
1253 2767 1417 2851 ἐμοῦ
1444 2760 1509 2832 τ’
1543 2765 1841 2847 ἐσώζετο.
2282 2780 2415 2835 1100

608 2859 692 2932 οῦ
721 2887 856 2930 που
885 2870 1227 2950 κατῆλθον
1254 2857 1463 2945 αὖθις
1491 2871 1589 2944 είς
1623 2863 1861 2934 ’Ἅιδου
1895 2864 2101 2932 πάλιν

609 2959 1028 3053 Εὐρυσθέως
1057 2970 1343 3035 δίαυλον
1372 2963 1715 3047 εἰς’Ἇιδου
1742 2966 2013 3055 μολών,
1994 2997 2009 3013 ·

609 3061 758 3133 ἀλλ’
792 3061 941 3134 οὔτι
967 3066 1349 3155 Σισύφειον
1376 3074 1617 3157 είσορω
1647 3070 1894 3159 πέτρον

611 3165 986 3237 Πλούτωνά
1013 3164 1074 3237 τ’
1109 3165 1272 3237 οὐδὲ
1301 3175 1605 3258 σκῆπτρα
1632 3170 1993 3259 Δήμητρος
2020 3168 2252 3256 κόρης.

614 3274 688 3337 ἔκ
717 3294 817 3337 τοι
846 3272 1259 3358 πέπληγμαι·
1310 3277 1444 3340 ποῦ
1474 3267 1624 3339 ποτ’
1660 3298 1761 3339 ων
1792 3270 2197 3359 άμνημονῶ;
2288 3286 2426 3341 1105

617 3366 747 3457 ωή,
778 3376 878 3450 τίς
907 3365 1181 3458 ἐγγὺς”
1135 3399 1178 3457 η
1208 3371 1439 3495 πρόσω
1472 3380 1697 3458 φίλων
1724 3376 1928 3460 ἐμων,

615 3467 1050 3557 δύσγνοιαν’”’
1012 3491 1191 3550 οστις
1216 3470 1342 3556 τὴν
1371 3471 1539 3557 ἐμὴν
1569 3473 1860 3553 ἰάσει-αις
