2492 3900
591 168 1006 228 ΗΡΑΚΛΗΣ
1043 170 1659 230 ΜΑΙΝΟΜΕΝΟΣ
2020 166 2145 232 357

123 349 288 408 AM.
356 345 682 427 Καδμεῖοι
711 341 1054 428 γέροντες,
1097 336 1182 409 οὐ
1211 354 1368 427 σῖγα
1396 355 1504 408 σῖ-

360 469 446 528 γα
474 439 594 511 τὸν
619 437 818 532 ὕπνῳ
847 444 1257 529 παρειμένον
1286 437 1501 510 ἐάσετ’
1535 444 1648 510 ἐκ-
2462 422 2464 516 ff

356 544 694 612 λαθέσθαι
723 549 990 625 κακῶν;
2462 547 2464 552 ’

124 655 182 713 Χ
185 653 268 712 Ο.
354 641 522 714 κατὰ
549 644 623 713 σὲ
652 644 974 734 δακρύοις
1003 646 1249 731 στένω,
1282 646 1578 734 πρέσβυ,
1608 646 1722 714 καὶ
2016 661 2144 713 1045

353 749 546 815 τέκεα
573 748 684 814 καὶ
715 744 786 816 τό
821 751 1212 815 καλλίνικον
1242 746 1433 836 κάρα.

123 856 290 916 AM.
341 851 674 937 ἑκαστέρω
713 850 1038 937 πρόβατε,
1073 847 1164 934 μὴ

354 963 699 1036 κτυπεῖτε,
732 947 821 1037 μὴ
853 956 1054 1036 βοᾶτε
1073 1001 1092 1036 ,
1120 948 1211 1037 μὴ

359 1049 478 1119 τὸν
509 1040 588 1119 εὖ
614 1047 675 1119 τ’
709 1048 973 1120 ἰαύονθ’

355 1149 674 1221 ὑπνώδεά
700 1150 760 1222 τ’
797 1150 998 1233 εὐνᾶς
1028 1155 1339 1242 ἐγείρετε.
2012 1171 2147 1222 1050

118 1263 180 1322 X
180 1261 263 1321 O.
352 1264 550 1342 οἴμοι.
2434 1245 2475 1316 Ὗ

354 1354 564 1444 φόνος
590 1352 745 1436 ὅσος
772 1352 881 1425 ὅδ’
953 1365 1120 1425 AM.
1154 1346 1197 1424 ἆ
1225 1346 1302 1443 ἆ,
1785 1357 1797 1362 ’
2472 1375 2474 1378 ⁴

353 1458 466 1527 διά
491 1455 562 1545 μ’
594 1455 828 1527 ὀλεῖτε.
899 1467 1043 1527 ΧΟ.
1072 1460 1437 1545 κεχυμένος
1472 1459 1877 1528 ἐπαντέλλει.

115 1567 286 1627 ΑΜ.
357 1556 484 1628 οὐκ
515 1557 837 1648 ἀτρεμαῖα
865 1567 1129 1649 θρῆνον
1155 1555 1428 1646 αίάξετ’,
1459 1549 1513 1627 ὦ
1538 1563 1885 1650 γέροντες;

352 1659 443 1749 μὴ
458 1659 637 1750 δέσμ’
657 1660 1168 1752 ἀνεγειρόμενος
1183 1657 1745 1750 χαλάσας[άπολεῖ
1756 1662 2141 1747 πόλιν,]1055

354 1761 484 1832 ἀπὸ
516 1763 592 1832 δὲ
618 1766 869 1853 πατέρα
895 1763 1204 1854 μέλαθρά
1231 1791 1303 1832 τε
1330 1764 1730 1853 καταρρήξῃ.

115 1873 263 1932 ΧΟ.
349 1861 634 1934 ἀδύνατ’
668 1863 972 1936 ἀδύνατά
996 1894 1128 1956 μοι.

114 1976 284 2036 AM.
349 1982 537 2055 σῖγα,
574 1968 786 2048 πνοὰς
812 1969 1049 2056 μάθω·
1087 1969 1254 2057 φέρε
1286 1967 1455 2057 πρὸς
1481 1937 1603 2049 οὖς
1631 1967 1835 2057 βάλω.

115 2077 264 2136 XO.
350 2065 573 2154 ευδεις
637 2078 804 2139 AM.
835 2076 983 2157 ναί,
1019 2066 1206 2140 εὕδει
2007 2088 2141 2141 1060

352 2196 574 2241 υπνον
601 2167 824 2242 ὕπνον
849 2168 1197 2261 ὀλόμενον,

358 2268 434 2353 ὂς
461 2268 648 2343 ἔκαν’
685 2270 963 2364 ἄλοχον,
994 2280 1193 2345 ἔκανε
1221 2272 1297 2344 δὲ
1326 2276 1556 2363 τέκεα,
1584 2274 1846 2365 τοξήρει

354 2381 596 2467 ψαλμῷ
624 2376 961 2458 τοξεύσας.

117 2484 264 2543 ΧΟ.
347 2477 620 2560 στέναζέ
643 2504 778 2547 νυν
827 2484 994 2547 AM.
1025 2476 1335 2562 στενάζω.
2006 2494 2140 2548 1065

119 2586 184 2645 Χ
186 2586 263 2644 0.
352 2580 610 2648 τέκνων
637 2575 933 2668 ὄλεθρον
997 2588 1162 2648 AM.
1213 2580 1396 2667 ὤμοι.

119 2686 266 2746 XO.
344 2683 555 2749 σέθεν
584 2707 655 2750 τε
685 2679 942 2762 παιδός.
1014 2689 1179 2749 AM.
1211 2688 1374 2755 αἰαῖ,

119 2788 262 2847 ΧΟ.
347 2771 403 2849 ὦ
431 2783 694 2871 πρέσβυ
759 2789 925 2852 ΑΜ.
958 2798 1112 2871 σῖγα
1139 2797 1332 2871 σῖγα·

353 2890 802 2975 παλίντροπος
829 2885 1322 2974 ἐξεγειρόμενος
1346 2884 1733 2973 στρέφεται·
1773 2880 1934 2974 φέρ’

352 2981 755 3075 ἀπόκρυφον
785 2988 986 3074 δέμας
1015 2983 1149 3057 ὑπὸ
1178 2988 1524 3074 μέλαθρον
1553 2984 1815 3074 κρύψω.
2005 3004 2139 3057 1070

121 3094 180 3153 Χ
184 3093 261 3153 Ο.
345 3086 621 3177 θάρσει·
653 3086 777 3169 νὺξ
807 3095 940 3176 ἔχει
967 3092 1275 3178 βλέφαρα
1308 3089 1500 3156 παιδὶ
1525 3094 1643 3179 σῷ.

125 3195 283 3255 ΑΜ.
343 3184 549 3277 ὁρᾶθ’
582 3186 803 3279 ὁρᾶτε.

350 3287 422 3359 τό
455 3291 624 3378 φάος
652 3294 950 3362 ἐκλιπεῖν
977 3293 1088 3363 ἐπὶ
1113 3290 1421 3361 κακοῖσιν
1450 3288 1533 3359 οὐ

353 3393 588 3482 φεύγω
616 3394 816 3475 τάλας
837 3446 856 3481 ,
889 3390 1037 3463 ἀλλ’
1074 3402 1142 3463 εἴ
1160 3421 1242 3481 με
1270 3406 1469 3463 κανεῖ
1491 3389 1723 3481 πατέρ’
1756 3387 1942 3475 ὄντα,

356 3496 520 3583 πρὸς
550 3496 626 3564 δὲ
653 3511 882 3576 κακοῖς
909 3494 1081 3566 κακὰ
1110 3495 1389 3584 μήσεται
2000 3505 2133 3560 1075
