2492 3900
651 137 1065 198 ΗΡΑΚΛΗΣ
1103 143 1716 207 ΜΑΙΝΟΜΕΝΟΣ
2082 146 2207 210 345

420 307 616 393 μέτα,
653 306 1106 388 κατθανόντες
1135 307 1182 378 τ’
2107 334 2207 390 660

425 413 519 488 εἰς
547 404 760 496 αὐγὰς
787 408 991 479 πάλιν
1022 406 1218 481 ἁλίου

421 508 693 592 δισσοὺς
721 505 807 580 ἄν
836 517 1000 600 ἔβαν
1027 514 1368 604 διαύλους,
1412 574 1419 578 .

423 607 464 680 ἆ
494 614 852 700 δυσγένεια
882 611 948 682 δ’
983 611 1204 685 ἁπλᾶν
1239 612 1324 686 ἂν

421 712 553 802 εἶχε
587 722 753 798 ζωᾶς
781 717 1037 806 βιοτάν,

419 818 530 885 καὶ
559 814 721 909 τῷδ’
757 808 844 906 ἦν
871 819 1026 900 τούς
1051 847 1123 890 τε
1152 821 1403 906 κακοὺς
1430 821 1513 896 ἄν
2107 846 2207 902 665

419 924 676 1006 γνῶναι
705 922 816 990 καὶ
845 919 1004 1003 τούς
1031 919 1357 1013 ἀγαθούς,

422 1030 571 1091 ἴσον
598 1017 690 1090 ἅτ’
726 1025 800 1092 ἐν
827 1026 1223 1111 νεφέλαισιν
1252 1024 1335 1095 ἅ-

419 1143 641 1212 στρων
666 1123 945 1206 ναύταις
975 1122 1267 1218 ἀριθμὸς
1300 1131 1506 1202 πέλει.

419 1231 551 1294 νῦν
578 1222 644 1294 δ’
678 1222 905 1308 οὐδεὶς
933 1225 1088 1318 ὅρος
1119 1234 1192 1300 ἐκ
1220 1240 1410 1302 θεῶν

416 1343 723 1419 χρηστοῖς
749 1327 912 1400 οὐδὲ
937 1347 1168 1414 κακοῖς
1194 1335 1435 1424 σαφής,
2101 1357 2205 1412 670

416 1425 563 1498 ἀλλ’
599 1429 1050 1520 εἱλισσόμενός
1076 1461 1174 1516 τις
1201 1443 1311 1506 αἰ-

417 1529 516 1602 ὠν
544 1540 840 1604 πλοῦτον
868 1535 1083 1624 μόνον
1109 1533 1319 1621 αὔξει.

418 1631 502 1702 οὐ
530 1635 870 1725 παύσομαι
904 1636 1019 1719 τὰς
1047 1639 1341 1729 Χάριτας
1958 1669 2097 1733 στρ.

411 1737 727 1820 Μούσαις
754 1743 1319 1831 συγκαταμιγνύς,

417 1832 696 1908 ἁδίσταν
721 1848 1069 1929 συζυγίαν.
2102 1867 2204 1922 675

413 1940 503 2030 μὴ
534 1942 707 2035 ζῴην
733 1939 868 2030 μετ’
902 1940 1248 2037 ἀμουσίας,

417 2050 548 2117 αἰεὶ
585 2044 650 2115 δ’
692 2051 764 2117 ἐν
801 2049 1225 2138 στεφάνοισιν
1262 2062 1429 2139 εἴην.

415 2152 511 2215 ἔτι
539 2172 642 2214 τοι
671 2148 894 2238 γέρων
921 2144 1149 2230 ἀοιδὸς

415 2253 690 2318 κελαδεῖ
711 2251 1184 2339 Μναμοσύναν
1201 2276 1216 2291 ·

419 2356 515 2420 ἔτι
542 2348 668 2420 τὰν
684 2347 1090 2441 Ἡρακλέους
2098 2377 2203 2432 680

413 2458 804 2524 καλλίνικον
831 2451 1036 2524 ἆείδω

414 2554 594 2644 παρά
622 2583 693 2625 τε
719 2556 1017 2647 Βρόμιον
1043 2558 1397 2630 οἰνοδόταν

413 2657 593 2746 παρά
619 2686 690 2727 τε
715 2661 950 2746 χέλυος
984 2660 1352 2731 ἑπτατόνου
1484 2658 1494 2666 ’

412 2758 678 2845 μολπὰν
704 2762 818 2830 καὶ
842 2768 1068 2850 Λίβυν
1093 2758 1309 2834 αὐλόν
1325 2786 1344 2803 ·

413 2856 603 2930 οὔπω
631 2864 1147 2952 καταπαύσομεν
2098 2886 2201 2941 685

409 2962 722 3053 Μούσας,
759 2970 836 3035 αἴ
855 2963 916 3055 μ’
947 2966 1332 3057 ἐχόρευσαν.

403 3073 661 3136 -παιᾶνα
691 3067 817 3156 μὲν
842 3068 1178 3158 Δηλιάδες
1951 3070 2094 3143 ἇντ.

410 3164 689 3255 ὑμνοῦο)
722 3167 896 3259 ἀμφὶ
923 3169 1142 3262 πυρὰς
1175 3170 1297 3242 τὸν

413 3278 678 3355 Λατοῦς
713 3270 1004 3343 εὔπαιδα
1038 3273 1244 3363 γόνον

417 3377 829 3447 εἱλίσσουσαι
857 3383 1260 3465 καλλίχορον
1277 3400 1291 3415 ·
2096 3396 2201 3453 690

790 3493 1216 3551 673-686=
1251 3496 1570 3554 687—700
