2492 3900
351 163 477 226 398

1167 160 1571 219 ΙΚΕΤΙΔΕΣ

583 326 856 418 δώματα
886 326 1156 399 λιποῦσ’
1196 316 1349 414 ἦλθ’
1374 324 1656 417 Ἐρινύς.

353 441 498 503 ΘΗ.
579 436 843 521 μέλλων
872 428 935 500 σ’
967 434 1260 519 ἐρωτᾶν,
1290 424 1473 517 ἡνίκ’
1508 429 1839 517 ἐξήντλεις
1870 435 2191 523 [στρατῷ]

361 2376 504 2436 ΑΔ.

582 534 819 623 γόους,
851 529 1146 620 [ἀφήσω,
1175 529 1337 612 τοὺς
1364 535 1511 601 ἐκεῖ
1531 530 1655 618 μὲν
1685 530 2007 619 ἐκλιπών]

587 646 776 706 εἴασα
801 634 1072 724 μύθους
1090 655 1107 672 ·
1137 640 1271 702 νῦν
1299 629 1365 701 δ’
1378 629 1759 723 ’Ἄδραστον
1788 639 2034 721 ἱστορῶ
2052 657 2067 671 ·
2286 651 2381 705 840

585 739 804 809 πόθεν
832 734 999 807 ποθ’
1031 740 1176 805 οἵδε
1201 740 1595 825 διαπρεπεῖς
1627 733 1921 827 εὐψυχίᾳ

583 846 858 927 θνητῶν
887 845 1186 926 ἔφυσαν;
1221 840 1368 907 εἰπέ
1392 834 1487 925 γ’,
1518 834 1607 917 ὥς
1638 838 2047 925 σοφώτερος,

584 945 839 1012 νέοισιν
867 937 1090 1010 ἀστῶν
1119 934 1328 1009 τῶνδ’
1352 961 1366 975 ·
1400 939 1784 1028 ἐπιστήμων
1811 939 1938 1028 γὰρ
1975 939 2056 1008 εἷ.

587 1043 772 1113 εἶδον
799 1042 927 1131 γὰρ
957 1038 1187 1113 αὐτῶν
1213 1038 1556 1131 κρείσσον’
1588 1037 1635 1129 ἢ
1661 1044 1842 1124 λέξαι
1871 1042 2052 1133 λόγῳ

585 1142 987 1234 τολμήμαθ’,
1020 1138 1118 1225 οἷς
1145 1140 1423 1231 ἤλπιζον
1450 1144 1755 1234 αἱρήσειν
1786 1144 2005 1213 πόλιν.
2288 1160 2379 1214 845

588 1252 664 1317 ἓν
692 1244 759 1315 δ’
792 1244 918 1317 οὐκ
947 1246 1274 1335 ἐρήσομαί
1294 1266 1405 1332 σε,
1438 1244 1530 1333 μὴ
1557 1242 1796 1333 γέλωτ’
1830 1243 2044 1335 ὄφλω,

586 1346 718 1440 ὅτῳ
771 1351 1053 1436 ξυνέστη
1079 1344 1284 1417 τῶνδ’
1320 1351 1595 1429 ἕκαστος
1621 1352 1695 1417 ἐν
1722 1347 1896 1437 μάχῃ

583 1447 628 1537 ἢ
653 1458 916 1537 τραῦμα
945 1451 1186 1538 λόγχης
1215 1457 1557 1537 πολεμίων
1586 1452 1872 1533 ἐδέξατο.

584 1554 770 1621 κενοὶ
797 1549 927 1639 γὰρ
955 1543 1143 1620 οὗτοι
1172 1559 1311 1621 τῶν
1336 1549 1396 1620 τ’
1431 1548 1824 1621 ἀκουόντων
1855 1549 2043 1640 λόγοι
2306 1622 2317 1635 ,

586 1656 700 1723 καὶ
727 1660 849 1722 τοῦ
882 1654 1230 1740 λέγοντος·
1264 1660 1405 1733 πῶς
1438 1647 1531 1733 τις
1570 1656 1641 1723 ἐν
1674 1654 1848 1743 μάχῃ
1884 1654 2099 1741 βεβῶς
2278 1671 2375 1724 850
2461 1704 2462 1709 1

585 1756 824 1844 λόγχης
853 1755 1084 1843 ἰούσης
1113 1756 1419 1843 πρόσθεν
1446 1752 1765 1843 ὀμμάτων
1796 1761 2055 1841 πυκνῆς

584 1865 816 1947 σαφῶς
845 1854 1196 1945 ἀπήγγειλ’
1229 1852 1411 1937 ὅστις
1444 1858 1625 1927 ἐστὶν
1653 1852 1943 1947 ἆγαθός;

588 1959 714 2030 οὐκ
745 1957 830 2029 ἂν
859 1967 1198 2049 δυναίμην
1227 1955 1373 2029 οὔτ’
1408 1963 1735 2051 ἐρωτῆσαι
1762 1960 1953 2032 τάδε,
1988 2042 1993 2047 ᾖ
2029 1953 2035 1956 ’

586 2059 731 2132 οὔτ’
768 2058 854 2131 ἀν
882 2065 1210 2132 πιθέσθαι
1240 2077 1415 2131 τοῖσι
1440 2068 1777 2150 τολμῶσιν
1803 2065 2027 2148 λέγειν
2044 2083 2058 2098 ·

586 2164 776 2252 μόλις
803 2163 932 2254 γὰρ
960 2161 1046 2233 ἄν
1073 2191 1171 2244 τις
1198 2161 1372 2233 αὐτὰ
1401 2160 1750 2252 τάναγκαῖ’
1787 2160 1956 2253 ὁρᾶν
2272 2178 2367 2232 855

584 2263 848 2334 δύναιτ’
881 2261 967 2334 ἀν
996 2264 1198 2346 ἕστῶς
1225 2273 1565 2353 πολεμίοις
1594 2269 1913 2346 ἐναντίος.

584 2364 789 2434 ἄκουε
818 2365 904 2452 δή
931 2391 1063 2433 νυν
1081 2388 1094 2402 ·
1127 2369 1241 2436 καὶ
1269 2367 1399 2458 γὰρ
1428 2364 1555 2436 οὐκ
1583 2365 1824 2440 ἄκοντί
1841 2395 1954 2456 μοι

585 2473 790 2547 δίδως
817 2473 1094 2538 ἔπαινον
1122 2467 1353 2557 τῶνδ’,
1385 2470 1515 2556 ἐγώ
1542 2496 1614 2540 τε
1641 2471 1967 2559 βούλομαι

588 2578 812 2660 φίλων
838 2567 1061 2659 ἀληθῆ
1089 2573 1202 2639 καὶ
1232 2569 1440 2641 δίκαι’
1477 2577 1692 2642 εἰπεῖν
1720 2575 1893 2660 πέρι.

585 2671 746 2764 ὁρᾷς
775 2672 850 2743 τὸ
883 2683 1060 2743 Δῖον
1087 2663 1173 2742 οὗ
1201 2674 1397 2760 βέλος
1424 2677 1769 2756 διέπτατο;
2274 2687 2369 2743 860

587 2773 950 2855 Καπανεὺς
978 2771 1084 2844 ὅδ’
1124 2778 1307 2845 ἐστίν
1326 2799 1339 2812 ·
1400 2766 1454 2868 ᾦ
1483 2783 1630 2865 βίος
1655 2776 1781 2865 μὲν
1806 2766 1893 2863 ἦν
1919 2775 2153 2863 πολύς,

584 2873 822 2965 ἥκιστα
852 2875 920 2944 δ’
951 2873 1134 2970 ὄλβῳ
1162 2884 1417 2967 γαῦρος
1446 2869 1560 2966 ἦν·
1594 2878 1911 2969 φρόνημα
1944 2877 2021 2946 δὲ

588 2976 794 3048 οὐδέν
821 3006 884 3047 τι
911 2987 1136 3066 μεῖζον
1166 2979 1345 3068 εἶχεν
1370 2975 1416 3067 ἦ
1443 2981 1649 3068 πένης
1676 2977 1870 3068 ἀνήρ,

588 3077 868 3169 φεύγων
895 3082 1242 3172 τραπέζαις
1273 3078 1457 3163 ὅστις
1491 3079 1815 3169 ἐξογκοῖτ’
1851 3079 2024 3167 ἄγαν

583 3179 946 3270 τάρκοῦντ’
981 3181 1253 3266 ἀτίζων·
1289 3181 1373 3253 οὗ
1400 3184 1530 3274 γὰρ
1564 3187 1640 3254 ἐν
1662 3177 1952 3275 γαστρὸς
1982 3187 2157 3272 βορᾷ
2274 3194 2371 3250 865

585 3281 658 3351 τὸ
687 3283 976 3372 χρηστὸν
1010 3284 1215 3369 εἶναι,
1243 3287 1480 3372 μέτρια
1508 3283 1573 3353 δ’
1609 3287 1914 3374 ἐξαρκεῖν
1943 3289 2094 3371 ἔφη.

586 3388 782 3470 φίλος
810 3380 867 3450 τ’
901 3381 1160 3469 ἀληθὴς
1185 3411 1297 3505 nv?
1302 3392 1529 3472 φίλοις
1555 3391 1858 3474 παροῦσί
1878 3411 1951 3452 τε

587 3482 816 3568 καὶμὴ
843 3489 1206 3569 παροῦσιν·
1242 3473 1340 3552 ῶν
1368 3482 1660 3574 ἀριθμὸς
1686 3512 1770 3554 ου
1800 3485 2031 3564 πολυς.
