2492 3900
871 140 1412 198 ΗΡΑΚΛΕΙΔΑΙ
2020 133 2141 196 293

370 304 564 396 δεῦρ’
599 298 820 394 ἦλθον
847 301 891 391 ἢ
919 309 1248 374 κίνδυνον
1277 307 1341 386 ἐξ
1370 300 1728 392 ἀμηχάνων

366 413 710 491 ῥίπτοντες
733 455 754 490 ,
828 403 947 475 εἴτ’
983 396 1110 475 οὖν
1139 415 1271 474 είτε
1297 404 1387 493 μὴ
1416 401 1793 492 γενήσεται·

366 509 449 580 οὐ
478 508 607 598 γὰρ
642 508 946 598 φρενήρη
973 505 1041 595 γ’
1075 503 1237 578 ὅντα
1265 505 1328 576 σ’
1364 511 1707 590 ἐλπίζουσί
1730 534 1863 577 που
2047 524 2146 579 150

365 612 578 700 μόνον
603 610 929 698 τοσαύτης
955 605 1042 698 ἣν
1069 613 1369 696 ἐπῆλθον
1389 606 1701 688 Ἑλλάδος

365 713 480 794 τὰς
506 709 711 783 τῶνδ’
747 709 1082 800 άβούλους
1107 709 1455 800 συμφοράς
1482 727 1882 780 κατοικτιεῖν
1900 733 1914 748 ·

368 813 521 905 φέρ’
555 813 830 895 ἀντίθες
857 813 1021 902 γάρ,
1053 811 1294 882 τούσδε
1328 809 1387 880 τ’
1424 818 1517 892 εἰς
1545 827 1744 901 γαῖαν
1773 815 2005 902 παρεὶς

367 914 533 1005 ἡμᾶς
561 913 620 985 τ’
653 912 850 996 ἐάσας
878 914 1171 1002 ἐξάγειν,
1202 922 1273 982 τί
1297 920 1681 1003 κερδανεῑς;

367 1018 447 1087 τὰ
474 1019 598 1105 μὲν
628 1015 784 1107 παρ’
819 1013 1010 1105 ἡμῶν
1041 1013 1256 1085 τοιάδ’
1292 1023 1429 1084 ἔστι
1457 1037 1562 1084 σοι
1590 1024 1843 1103 λαβεῖν,
2050 1033 2145 1085 155

350 1117 642 1209 ’Ἄργους
667 1119 950 1206 τοσήνδε
974 1134 1164 1207 χεῖρα
1199 1118 1322 1206 τήν
1350 1113 1397 1185 τ’
1428 1114 1845 1208 Εὐρυσθέως

369 1220 564 1309 ἰσχὺν
591 1217 856 1291 ἅπασαν
883 1225 1043 1310 τῇδε
1071 1222 1497 1308 προσθέσθαι
1526 1219 1736 1289 πόλει.

367 1319 454 1411 ἦν
481 1319 546 1392 δ’
581 1328 674 1404 είς
716 1322 918 1407 γόους
951 1350 1022 1392 τε
1057 1324 1170 1392 καὶ
1207 1319 1289 1390 τὰ
1316 1317 1522 1390 τῶνδ’
1556 1328 1941 1409 οἰκτίσματα

367 1427 616 1513 βλέψας
642 1431 1013 1513 πεπανθῇς,
1046 1431 1138 1504 εἰς
1165 1424 1385 1511 πάλην
1412 1430 1808 1492 καθίσταται

371 1525 570 1614 δορὸς
596 1524 670 1595 τὸ
702 1531 999 1615 πρᾶγμα·
1030 1524 1120 1613 μὴ
1149 1524 1279 1614 γὰρ
1310 1521 1399 1605 ὥς
1425 1525 1810 1614 μεθήσομεν
2044 1543 2144 1596 160

370 1625 566 1716 δόξῃς
593 1624 824 1716 ἀγῶνα
853 1625 1036 1696 τόνδ’
1069 1624 1224 1716 ἄτερ
1254 1633 1685 1715 χαλυβδικοῦ.

368 1737 438 1799 τί
458 1735 625 1817 δῆτα
654 1730 922 1818 φήσεις,
955 1744 1113 1800 ποῖα
1144 1726 1325 1798 πεδί’
1360 1726 1786 1817 ἀφαιρεθείς,

365 1835 438 1897 τί
468 1833 856 1918 ρυσιασθεὶς
893 1831 1183 1918 πόλεμον
1210 1828 1531 1922 Ἀργείοις
1568 1840 1762 1920 ἔχειν,

374 1936 587 2011 ποίοις
623 1929 688 2000 δ’
729 1930 1010 2020 ἀμύνων
1046 1931 1447 2021 συμμάχοις;
1489 1932 1692 2021 [τίνος
1729 1931 1795 2001 δ’
1833 1931 2006 2023 ὕπερ

369 2030 611 2112 θάψεις
644 2031 928 2120 νεκρούς
965 2031 1322 2115 πεσόντας;
1356 2025 1422 2121 ἦ]
1460 2032 1670 2101 κακόν
1703 2032 1907 2119 λόγον
2061 2050 2155 2101 165

371 2129 593 2218 κτήσει
625 2132 794 2223 πρὸς
830 2131 1075 2218 άστῶν,
1113 2139 1178 2200 εἰ
1205 2134 1519 2221 γέροντος
1552 2137 1773 2202 εἵνεκα

371 2229 634 2319 τύμβου
668 2230 743 2301 τὸ
770 2234 982 2321 μηδὲν
1009 2232 1231 2322 ὄντος,
1264 2232 1353 2315 ὦς
1382 2242 1594 2306 εἰπεῖν
1622 2243 1796 2323 ἔπος,

373 2338 637 2402 παίδων
661 2361 732 2403 τε
759 2332 961 2404 τῶνδ’
995 2343 1088 2416 εἰς
1115 2333 1361 2406 ἄντλον
1388 2339 1658 2427 ἐμβήσει
1688 2338 1881 2408 πόδα.

373 2436 545 2521 ἐρεῖς
578 2432 652 2503 τὸ
681 2442 940 2528 λῷστον
967 2435 1183 2507 ἐλπίδ’
1217 2436 1531 2528 εὑρήσειν
1557 2439 1785 2526 μόνον.

371 2537 486 2604 καὶ
513 2543 709 2607 τοῦτο
736 2545 960 2631 πολλῷ
986 2546 1106 2608 τοῦ
1133 2536 1460 2627 παρόντος
1489 2543 1710 2619 ἐνδεές
1727 2562 1741 2576 ·
2043 2559 2144 2613 170

369 2645 591 2719 κακῶς
616 2638 746 2728 γὰρ
777 2636 1176 2727 Ἀργείοισιν
1203 2639 1338 2711 οἵδ’
1373 2638 1776 2729 ὡπλισμένοι
1824 2639 1829 2648 ’

371 2737 672 2826 μάχοιντ’
706 2736 791 2809 ἂν
816 2738 1219 2831 ἡβήσαντες,
1253 2753 1321 2813 εἴ
1342 2772 1405 2813 τι
1436 2743 1635 2813 τοῦτό
1659 2766 1735 2811 σε

369 2840 594 2928 ψυχὴν
622 2846 915 2933 ἐπαίρει,
944 2840 1110 2931 χοῦν
1138 2849 1318 2938 μέσῳ
1345 2844 1556 2927 πολὺς
1581 2845 1841 2936 χρόνος,

371 2946 444 3011 ἐν
472 2934 528 3036 ᾧ
555 2942 1010 3033 διεργασθεϊτ’
1043 2944 1147 3015 ἄν.
1178 2946 1328 3017 ἀλλ’
1364 2950 1507 3036 ἐμοὶ
1540 2954 1784 3018 πιθοῦ·

368 3042 529 3125 δοὺς
557 3049 800 3135 μηδέν,
831 3044 1000 3117 ἀλλὰ
1024 3045 1175 3137 τᾶμ’
1209 3053 1340 3119 ἐῶν
1370 3048 1561 3138 ἄγειν
1589 3051 1702 3139 ἐμὲ
2045 3064 2141 3121 175

370 3154 605 3234 κτῆσαι
632 3149 999 3237 Μυκήνας,
1029 3156 1164 3238 μηδ
1174 3150 1191 3176 ’
1223 3148 1388 3241 ὅπερ
1418 3160 1673 3239 φιλεῖτε
1700 3155 1874 3240 δρᾶν

367 3249 591 3339 πάθῃς
617 3249 704 3320 σὺ
733 3258 961 3338 τοῦτο,
990 3250 1147 3334 τοὺς
1176 3250 1528 3341 ἀμείνονας
1556 3255 1777 3342 παρὸν

372 3358 613 3434 φίλους
641 3354 913 3423 ἑλέσθαι
930 3404 949 3441 ,
978 3353 1134 3437 τοὺς
1162 3363 1479 3436 κακίονας
1506 3357 1730 3446 λάβῃς.
