2492 3900
277 138 402 203 130

1117 140 1443 201 ΒΑΚΧΑΙ

279 320 426 383 ΚΑ.
513 310 768 380 ἕπεσθέ
793 335 910 397 μοι
947 310 1268 399 φέροντες
1304 305 1551 377 ἄθλιον
1577 305 1782 398 βάρος

509 414 835 493 Πενθέως
851 462 869 499 ,
906 414 1187 497 ἔπεσθε,
1224 406 1628 498 πρόσπολοι,
1660 409 1889 499 δόμων
1916 410 2145 502 πάρος,

510 505 596 584 οὗ
623 520 813 601 σῶμα
840 519 1118 602 μοχθῶν
1143 518 1410 599 μυρίοις
1438 510 1755 600 ζητήμασι

514 618 698 705 φέρω
727 612 872 684 τόδ’
907 611 1130 703 εὑρὼν
1157 617 1232 683 ἐν
1261 620 1695 702 Κιθαιρῶνος
1726 632 2003 703 πτυχαῖς

515 716 1051 807 διασπαρακτόν,
1085 712 1337 785 κούδὲν
1364 718 1440 785 έν
1470 712 1694 807 ταύτῷ
1722 720 1907 809 πέδω
2152 736 2299 790 1220

514 818 879 906 [λαβών,ἐν
912 814 1043 908 ῦλῃ
1077 824 1389 904 κείμενον
1416 820 1845 910 δυσευρέτω].

514 918 771 1011 ἥκουσα
803 920 934 1010 γάρ
968 947 1088 989 του
1120 922 1525 1004 θυγατέρων
1552 920 1954 1008 τολμήματα,

515 1020 646 1112 ἤδη
681 1019 816 1091 κατ’
852 1020 1020 1093 ἄστυ
1052 1024 1327 1110 τειχέων
1355 1028 1485 1091 ἔσω
1513 1020 1731 1111 βεβώς

519 1124 651 1195 σὺν
684 1132 777 1217 τῷ
810 1126 1077 1213 γέροντι
1113 1130 1423 1215 Τειρεσία
1460 1130 1737 1211 Βακχῶν
1770 1120 1980 1211 πάρα·

521 1227 724 1297 πάλιν
756 1227 833 1295 δὲ
866 1225 1130 1314 κάμψας
1169 1232 1263 1305 εἰς
1290 1222 1443 1315 ὅρος
1469 1232 1815 1314 κομίζομαι
2156 1241 2296 1297 1225

521 1329 641 1399 τὸν
672 1329 1099 1399 κατθανόντα
1131 1332 1339 1397 παῖδα
1370 1326 1755 1397 Μαινάδων
1789 1322 1942 1396 ὕπο.

519 1433 632 1500 καὶ
657 1428 782 1517 τὴν
814 1430 938 1518 μὲν
965 1426 1303 1499 Ἀκταίων’
1328 1425 1683 1520 Ἀρισταίῳ
1718 1429 1876 1500 ποτὲ

521 1537 848 1602 τεκοῦσαν
877 1530 1060 1601 εἶδον
1086 1528 1445 1618 Αὐτονόην
1469 1528 1613 1601 Ἰνώ
1639 1528 1704 1600 θ’
1736 1528 1871 1619 ἅμα

521 1631 602 1704 ἔτ’
634 1629 808 1720 ἀμφὶ
842 1639 1124 1723 δρυμοῖς
1152 1638 1637 1723 οἰστροπλῆγας
1667 1630 1930 1719 ἀθλίας,

522 1734 645 1822 τὴν
680 1732 745 1803 δ’
781 1733 928 1804 εἶπέ
956 1742 1055 1815 τίς
1082 1762 1194 1823 μοι
1216 1741 1422 1825 δεῦρο
1457 1741 1747 1827 βακχείῳ
1775 1734 1933 1804 ποδὶ
2157 1750 2299 1805 1230

523 1841 810 1923 στείχειν
829 1834 1156 1926 Ἀγαύην,
1185 1832 1339 1906 οὐδ’
1374 1833 1640 1927 ἄκραντ’
1672 1833 2084 1924 ἠκούσαμεν·
2136 1896 2150 1911 ,

523 1939 785 2011 λεύσσω
815 1938 942 2028 γὰρ
977 1934 1214 2028 αὐτήν,
1251 1936 1413 2022 ὄψιν
1442 1936 1569 2009 οῦκ
1600 1935 1986 2027 εὐδαίμονα.

293 2050 430 2115 ΑΓ.
511 2043 742 2131 πάτερ,
774 2044 1087 2130 μέγιστον
1120 2042 1459 2129 κομπάσαι
1491 2041 1775 2132 πάρεστί
1794 2063 1923 2128 σοι,

524 2144 797 2212 πάντων
823 2141 1097 2232 ἀρίστας
1123 2147 1505 2234 θυγατέρας
1537 2159 1807 2233 σπεῖραι
1841 2148 2076 2234 μακρῷ

523 2252 833 2332 θνητῶν·
867 2241 1123 2325 ἁπάσας
1154 2243 1376 2332 εἷπον,
1407 2245 1644 2332 ἐξόχως
1673 2243 1743 2315 δ’
1777 2248 1909 2333 ἐμέ,
2160 2260 2304 2314 1235

523 2342 571 2433 ἢ
597 2349 715 2425 τὰς
741 2342 890 2433 παρ’
932 2351 1138 2425 ἱστοῖς
1166 2349 1533 2416 ἐκλιποῦσα
1559 2353 1876 2436 κερκίδας

528 2453 621 2528 εἰς
655 2455 880 2536 μεῖζον
906 2443 1073 2535 ἥκω,
1101 2455 1322 2538 θῆρας
1350 2445 1670 2538 ἀγρεύειν
1698 2463 1942 2538 χεροῖν.

527 2554 712 2641 φέρω
742 2547 808 2619 δ’
847 2554 922 2620 έν
949 2547 1341 2639 ὠλέναισιν,
1380 2547 1469 2632 ὥς
1496 2547 1689 2642 ὁρᾷς,
1720 2551 1881 2620 τάδε

524 2659 824 2743 λαβοῦσα
849 2649 1220 2743 τάριστεῖα,
1252 2667 1430 2723 σοῖσι
1463 2652 1633 2743 πρὸς
1658 2653 1892 2742 δόμοις

529 2752 620 2836 ὡς
647 2750 734 2824 ἂν
767 2762 1149 2844 κρεμασθῇ·
1207 2753 1295 2823 σὺ
1326 2754 1403 2824 δὲ
1428 2755 1636 2846 πάτερ
1665 2757 1849 2838 δέξαι
1875 2766 2133 2843 χεροῖν·
2164 2767 2305 2824 1240

530 2855 988 2945 γαυρούμενος
1017 2856 1094 2924 δὲ
1121 2871 1257 2936 τοῖς
1285 2859 1465 2944 ἐμοῖς
1490 2853 1864 2949 ἆγρεύμασι

528 2958 717 3028 κάλει
745 2963 986 3046 φίλους
1022 2964 1116 3039 εἰς
1143 2963 1369 3028 δαῖτα·
1408 2959 1728 3050 μακάριος
1755 2959 1883 3050 γὰρ
1914 2957 1995 3046 εἴ,

527 3059 850 3150 μακάριος
868 3112 888 3148 ,
918 3055 1110 3149 ἡμῶν
1141 3058 1359 3131 τοιάδ’
1393 3063 1942 3151 ἐξειργασμένων.

532 3153 586 3232 ὦ
617 3163 872 3246 πένθος
903 3159 990 3233 οὐ
1019 3161 1349 3256 μετρητὸν
1377 3160 1528 3234 οὐδ’
1568 3159 1717 3234 οἷόν
1750 3159 1800 3233 τ’
1833 3168 2027 3250 ἰδεῖν,

533 3265 751 3354 φόνον
783 3271 1126 3348 ταλαίναις
1151 3267 1383 3357 χερσὶν
1410 3267 1957 3356 ἐξειργασμένων.
2168 3277 2305 3333 1245

533 3366 745 3437 καλὸν
777 3365 852 3438 τὸ
887 3375 1078 3458 θῦμα
1105 3376 1573 3458 καταβαλοῦσα
1608 3375 1921 3456 δαίμοσιν

531 3472 641 3540 ἐπὶ
673 3475 867 3540 δαῖτα
893 3469 1119 3561 Θήβας
1145 3471 1348 3541 τάσδε
1375 3468 1544 3561 κάμὲ
1571 3479 1998 3563 παρακαλεῖς.
