<?xml version="1.0" encoding="UTF-8"?>
<!DOCTYPE html PUBLIC "-//W3C//DTD XHTML 1.0 Transitional//EN"
    "http://www.w3.org/TR/xhtml1/DTD/xhtml1-transitional.dtd">
<html xmlns="http://www.w3.org/1999/xhtml" xml:lang="en" lang="en">
 <head>
  <title>
</title>
<meta http-equiv="Content-Type" content="text/html;charset=utf-8" />
  <meta name='ocr-system' content='tesseract 3.04.00' />
  <meta name='ocr-capabilities' content='ocr_page ocr_carea ocr_par ocr_line ocrx_word'/>
</head>
<body>
  <div class='ocr_page' id='page_1' title='image "./evripidistragoe03eurigoog/evripidistragoe03eurigoog_0417.png"; bbox 0 0 2492 3900; ppageno 0'>
   <div class='ocr_carea' id='block_1_1' title="bbox 135 869 288 930">
    <p class='ocr_par' dir='ltr' id='par_1_1' title="bbox 135 869 288 930">
     <span class='ocr_line' id='line_1_1' title="bbox 135 869 288 930; baseline -0.02 0"><span class='ocrx_word' id='word_1_1' title='bbox 135 869 288 930; x_wconf 89' lang='lat' dir='ltr'><strong><em>XO.</em></strong></span> 
     </span>
    </p>
   </div>
   <div class='ocr_carea' id='block_1_2' title="bbox 136 1275 266 1337">
    <p class='ocr_par' dir='ltr' id='par_1_2' title="bbox 136 1275 266 1337">
     <span class='ocr_line' id='line_1_2' title="bbox 136 1275 266 1337; baseline -0.015 0"><span class='ocrx_word' id='word_1_2' title='bbox 136 1275 266 1337; x_wconf 81' lang='lat' dir='ltr'><strong><em>Io,</em></strong></span> 
     </span>
    </p>
   </div>
   <div class='ocr_carea' id='block_1_3' title="bbox 139 2091 313 2152">
    <p class='ocr_par' dir='ltr' id='par_1_3' title="bbox 139 2091 313 2152">
     <span class='ocr_line' id='line_1_3' title="bbox 139 2091 313 2152; baseline -0.011 0"><span class='ocrx_word' id='word_1_3' title='bbox 139 2091 313 2152; x_wconf 89' lang='lat' dir='ltr'><strong><em>MA.</em></strong></span> 
     </span>
    </p>
   </div>
   <div class='ocr_carea' id='block_1_4' title="bbox 145 2601 269 2662">
    <p class='ocr_par' dir='ltr' id='par_1_4' title="bbox 145 2601 269 2662">
     <span class='ocr_line' id='line_1_4' title="bbox 145 2601 269 2662; baseline -0.008 0"><span class='ocrx_word' id='word_1_4' title='bbox 145 2601 269 2662; x_wconf 90' lang='grc' dir='ltr'><strong><em>ΙΟ.</em></strong></span> 
     </span>
    </p>
   </div>
   <div class='ocr_carea' id='block_1_5' title="bbox 149 3211 314 3273">
    <p class='ocr_par' dir='ltr' id='par_1_5' title="bbox 149 3211 314 3273">
     <span class='ocr_line' id='line_1_5' title="bbox 149 3211 314 3273; baseline -0.006 -1"><span class='ocrx_word' id='word_1_5' title='bbox 149 3211 314 3273; x_wconf 87' lang='lat' dir='ltr'><strong><em>MA.</em></strong></span> 
     </span>
    </p>
   </div>
   <div class='ocr_carea' id='block_1_6' title="bbox 885 179 1430 236">
    <p class='ocr_par' dir='ltr' id='par_1_6' title="bbox 885 179 1430 236">
     <span class='ocr_line' id='line_1_6' title="bbox 885 179 1430 236; baseline 0 -1"><span class='ocrx_word' id='word_1_6' title='bbox 885 179 1430 236; x_wconf 84' lang='grc' dir='ltr'><em>ΗΡΑΚΛΕΙΔΑΙ</em></span> 
     </span>
    </p>
   </div>
   <div class='ocr_carea' id='block_1_7' title="bbox 374 342 1788 537">
    <p class='ocr_par' dir='ltr' id='par_1_7' title="bbox 374 342 1788 537">
     <span class='ocr_line' id='line_1_7' title="bbox 377 342 1788 438; baseline -0.001 -20"><span class='ocrx_word' id='word_1_7' title='bbox 377 354 604 418; x_wconf 79' lang='grc' dir='ltr'><strong><em>νικᾶτε</em></strong></span> <span class='ocrx_word' id='word_1_8' title='bbox 633 343 697 415; x_wconf 86' lang='grc' dir='ltr'><strong><em>δ’</em></strong></span> <span class='ocrx_word' id='word_1_9' title='bbox 733 345 1050 434; x_wconf 85' lang='grc' dir='ltr'><strong><em>ἐχθρούς·</em></strong></span> <span class='ocrx_word' id='word_1_10' title='bbox 1082 342 1203 432; x_wconf 79' lang='grc' dir='ltr'><strong><em>ἥδε</em></strong></span> <span class='ocrx_word' id='word_1_11' title='bbox 1238 345 1367 436; x_wconf 77' lang='grc' dir='ltr'><strong><em>γὰρ</em></strong></span> <span class='ocrx_word' id='word_1_12' title='bbox 1397 344 1578 434; x_wconf 85' lang='grc' dir='ltr'><strong><em>ψυχὴ</em></strong></span> <span class='ocrx_word' id='word_1_13' title='bbox 1607 346 1788 438; x_wconf 90' lang='grc' dir='ltr'><strong><em>πάρα</em></strong></span> 
     </span>
     <span class='ocr_line' id='line_1_8' title="bbox 374 445 1710 537; baseline -0.001 -18"><span class='ocrx_word' id='word_1_14' title='bbox 374 453 623 520; x_wconf 81' lang='grc' dir='ltr'><strong><em>ἑκοῦσα</em></strong></span> <span class='ocrx_word' id='word_1_15' title='bbox 653 445 822 518; x_wconf 80' lang='grc' dir='ltr'><strong><em>κούκ</em></strong></span> <span class='ocrx_word' id='word_1_16' title='bbox 853 445 1142 516; x_wconf 75' lang='grc' dir='ltr'><strong><em>ἄκουσα·</em></strong></span> <span class='ocrx_word' id='word_1_17' title='bbox 1181 445 1710 537; x_wconf 83' lang='grc' dir='ltr'><strong><em>κάξαγγέλλομαι</em></strong></span> 
     </span>
    </p>
   </div>
   <div class='ocr_carea' id='block_1_8' title="bbox 374 546 1892 643">
    <p class='ocr_par' dir='ltr' id='par_1_8' title="bbox 374 546 1892 643">
     <span class='ocr_line' id='line_1_9' title="bbox 374 546 1892 643; baseline -0.001 -21"><span class='ocrx_word' id='word_1_18' title='bbox 374 550 705 639; x_wconf 78' lang='grc' dir='ltr'><strong><em>θνήσκειν</em></strong></span> <span class='ocrx_word' id='word_1_19' title='bbox 735 548 1054 636; x_wconf 77' lang='grc' dir='ltr'><strong><em>ἀδελφῶν</em></strong></span> <span class='ocrx_word' id='word_1_20' title='bbox 1082 555 1299 618; x_wconf 90' lang='grc' dir='ltr'><strong><em>τῶνδε</em></strong></span> <span class='ocrx_word' id='word_1_21' title='bbox 1327 546 1670 638; x_wconf 81' lang='grc' dir='ltr'><strong><em>κάμαυτῆς</em></strong></span> <span class='ocrx_word' id='word_1_22' title='bbox 1700 549 1892 643; x_wconf 77' lang='grc' dir='ltr'><strong><em>ὕπερ.</em></strong></span> 
     </span>
    </p>
   </div>
   <div class='ocr_carea' id='block_1_9' title="bbox 373 648 1861 2481">
    <p class='ocr_par' dir='ltr' id='par_1_9' title="bbox 373 648 1861 2481">
     <span class='ocr_line' id='line_1_10' title="bbox 378 648 1688 742; baseline -0.002 -19"><span class='ocrx_word' id='word_1_23' title='bbox 378 649 638 742; x_wconf 79' lang='grc' dir='ltr'><strong><em>εὕρημα</em></strong></span> <span class='ocrx_word' id='word_1_24' title='bbox 664 651 792 742; x_wconf 85' lang='grc' dir='ltr'><strong><em>γάρ</em></strong></span> <span class='ocrx_word' id='word_1_25' title='bbox 825 679 924 720; x_wconf 92' lang='grc' dir='ltr'><strong><em>τοι</em></strong></span> <span class='ocrx_word' id='word_1_26' title='bbox 951 649 1040 739; x_wconf 81' lang='grc' dir='ltr'><strong><em>μὴ</em></strong></span> <span class='ocrx_word' id='word_1_27' title='bbox 1071 648 1524 739; x_wconf 85' lang='grc' dir='ltr'><strong><em>φιλοψυχοῠσ’</em></strong></span> <span class='ocrx_word' id='word_1_28' title='bbox 1559 652 1688 740; x_wconf 80' lang='grc' dir='ltr'><strong><em>έγῶ</em></strong></span> 
     </span>
     <span class='ocr_line' id='line_1_11' title="bbox 377 750 1795 844; baseline 0.001 -20"><span class='ocrx_word' id='word_1_29' title='bbox 377 755 734 825; x_wconf 87' lang='grc' dir='ltr'><strong><em>κάλλιστον</em></strong></span> <span class='ocrx_word' id='word_1_30' title='bbox 757 750 1023 844; x_wconf 75' lang='grc' dir='ltr'><strong><em>ηὕρηκ’,</em></strong></span> <span class='ocrx_word' id='word_1_31' title='bbox 1060 750 1349 835; x_wconf 78' lang='grc' dir='ltr'><strong><em>εὐκλεῶς</em></strong></span> <span class='ocrx_word' id='word_1_32' title='bbox 1376 762 1597 824; x_wconf 82' lang='grc' dir='ltr'><strong><em>λιπεῖν</em></strong></span> <span class='ocrx_word' id='word_1_33' title='bbox 1623 762 1795 842; x_wconf 87' lang='grc' dir='ltr'><strong><em>βίον.</em></strong></span> 
     </span>
     <span class='ocr_line' id='line_1_12' title="bbox 373 857 1853 946; baseline 0.002 -21"><span class='ocrx_word' id='word_1_34' title='bbox 373 865 506 945; x_wconf 86' lang='grc' dir='ltr'><strong><em>φεῦ</em></strong></span> <span class='ocrx_word' id='word_1_35' title='bbox 537 863 708 946; x_wconf 88' lang='grc' dir='ltr'><strong><em>φεῦ,</em></strong></span> <span class='ocrx_word' id='word_1_36' title='bbox 737 862 810 924; x_wconf 82' lang='grc' dir='ltr'><strong><em>τί</em></strong></span> <span class='ocrx_word' id='word_1_37' title='bbox 834 859 998 938; x_wconf 81' lang='grc' dir='ltr'><strong><em>λέξω</em></strong></span> <span class='ocrx_word' id='word_1_38' title='bbox 1028 858 1381 944; x_wconf 87' lang='grc' dir='ltr'><strong><em>παρθένου</em></strong></span> <span class='ocrx_word' id='word_1_39' title='bbox 1408 859 1620 944; x_wconf 87' lang='grc' dir='ltr'><strong><em>μέγαν</em></strong></span> <span class='ocrx_word' id='word_1_40' title='bbox 1649 857 1853 945; x_wconf 89' lang='grc' dir='ltr'><strong><em>λόγον</em></strong></span> 
     </span>
     <span class='ocr_line' id='line_1_13' title="bbox 379 954 1829 1047; baseline 0.002 -20"><span class='ocrx_word' id='word_1_41' title='bbox 379 959 641 1045; x_wconf 83' lang='grc' dir='ltr'><strong><em>κλύων,</em></strong></span> <span class='ocrx_word' id='word_1_42' title='bbox 673 955 992 1046; x_wconf 75' lang='grc' dir='ltr'><strong><em>ἀδελφῶν</em></strong></span> <span class='ocrx_word' id='word_1_43' title='bbox 1024 954 1066 1044; x_wconf 80' lang='grc' dir='ltr'><strong><em>ἢ</em></strong></span> <span class='ocrx_word' id='word_1_44' title='bbox 1093 958 1302 1047; x_wconf 87' lang='grc' dir='ltr'><strong><em>πάρος</em></strong></span> <span class='ocrx_word' id='word_1_45' title='bbox 1330 960 1520 1027; x_wconf 85' lang='grc' dir='ltr'><strong><em>θέλει</em></strong></span> <span class='ocrx_word' id='word_1_46' title='bbox 1550 970 1829 1044; x_wconf 66' lang='grc' dir='ltr'><strong><em>θανεῖν,</em></strong></span> 
     </span>
     <span class='ocr_line' id='line_1_14' title="bbox 376 1054 1775 1149; baseline 0.002 -21"><span class='ocrx_word' id='word_1_47' title='bbox 376 1059 636 1130; x_wconf 88' lang='grc' dir='ltr'><strong><em>τούτων</em></strong></span> <span class='ocrx_word' id='word_1_48' title='bbox 670 1067 768 1141; x_wconf 86' lang='grc' dir='ltr'><strong><em>τίς</em></strong></span> <span class='ocrx_word' id='word_1_49' title='bbox 800 1054 885 1128; x_wconf 68' lang='grc' dir='ltr'><strong><em>ἂν</em></strong></span> <span class='ocrx_word' id='word_1_50' title='bbox 912 1061 1118 1141; x_wconf 85' lang='grc' dir='ltr'><strong><em>λέξειε</em></strong></span> <span class='ocrx_word' id='word_1_51' title='bbox 1150 1068 1507 1147; x_wconf 80' lang='grc' dir='ltr'><strong><em>γενναίους</em></strong></span> <span class='ocrx_word' id='word_1_52' title='bbox 1533 1061 1775 1149; x_wconf 82' lang='grc' dir='ltr'><strong><em>λόγους</em></strong></span> 
     </span>
     <span class='ocr_line' id='line_1_15' title="bbox 377 1157 1831 1252; baseline 0.001 -21"><span class='ocrx_word' id='word_1_53' title='bbox 377 1170 665 1250; x_wconf 80' lang='grc' dir='ltr'><strong><em>μᾶλλον,</em></strong></span> <span class='ocrx_word' id='word_1_54' title='bbox 699 1169 796 1243; x_wconf 83' lang='grc' dir='ltr'><strong><em>τίς</em></strong></span> <span class='ocrx_word' id='word_1_55' title='bbox 826 1157 910 1231; x_wconf 68' lang='grc' dir='ltr'><strong><em>ἂν</em></strong></span> <span class='ocrx_word' id='word_1_56' title='bbox 940 1162 1254 1251; x_wconf 77' lang='grc' dir='ltr'><strong><em>δράσειεν</em></strong></span> <span class='ocrx_word' id='word_1_57' title='bbox 1281 1159 1671 1252; x_wconf 73' lang='grc' dir='ltr'><strong><em>ἀνθρώπων</em></strong></span> <span class='ocrx_word' id='word_1_58' title='bbox 1700 1171 1831 1247; x_wconf 57' lang='lat' dir='ltr'><strong><em>§m</em></strong></span> 
     </span>
     <span class='ocr_line' id='line_1_16' title="bbox 379 1255 1861 1355; baseline 0 -21"><span class='ocrx_word' id='word_1_59' title='bbox 379 1255 434 1333; x_wconf 81' lang='grc' dir='ltr'><strong><em>ῶ</em></strong></span> <span class='ocrx_word' id='word_1_60' title='bbox 461 1267 731 1351; x_wconf 86' lang='grc' dir='ltr'><strong><em>τέκνον,</em></strong></span> <span class='ocrx_word' id='word_1_61' title='bbox 763 1261 888 1333; x_wconf 81' lang='grc' dir='ltr'><strong><em>οὐκ</em></strong></span> <span class='ocrx_word' id='word_1_62' title='bbox 923 1260 1056 1333; x_wconf 81' lang='grc' dir='ltr'><strong><em>ἔστ’</em></strong></span> <span class='ocrx_word' id='word_1_63' title='bbox 1091 1262 1384 1333; x_wconf 70' lang='grc' dir='ltr'><strong><em>ἄλλοθεν</em></strong></span> <span class='ocrx_word' id='word_1_64' title='bbox 1413 1262 1485 1333; x_wconf 89' lang='grc' dir='ltr'><strong><em>τὸ</em></strong></span> <span class='ocrx_word' id='word_1_65' title='bbox 1517 1264 1640 1334; x_wconf 80' lang='grc' dir='ltr'><strong><em>σὸν</em></strong></span> <span class='ocrx_word' id='word_1_66' title='bbox 1668 1266 1861 1355; x_wconf 87' lang='grc' dir='ltr'><strong><em>κάρα,</em></strong></span> 
     </span>
     <span class='ocr_line' id='line_1_17' title="bbox 381 1364 1860 1458; baseline 0.002 -24"><span class='ocrx_word' id='word_1_67' title='bbox 381 1364 532 1436; x_wconf 80' lang='grc' dir='ltr'><strong><em>ἀλλ’</em></strong></span> <span class='ocrx_word' id='word_1_68' title='bbox 566 1370 630 1448; x_wconf 84' lang='grc' dir='ltr'><strong><em>ἐξ</em></strong></span> <span class='ocrx_word' id='word_1_69' title='bbox 661 1370 926 1436; x_wconf 85' lang='grc' dir='ltr'><strong><em>ἐκείνου</em></strong></span> <span class='ocrx_word' id='word_1_70' title='bbox 954 1369 1215 1456; x_wconf 86' lang='grc' dir='ltr'><strong><em>σπέρμα</em></strong></span> <span class='ocrx_word' id='word_1_71' title='bbox 1244 1374 1359 1453; x_wconf 87' lang='grc' dir='ltr'><strong><em>τῆς</em></strong></span> <span class='ocrx_word' id='word_1_72' title='bbox 1389 1375 1583 1447; x_wconf 82' lang='grc' dir='ltr'><strong><em>θείας</em></strong></span> <span class='ocrx_word' id='word_1_73' title='bbox 1612 1367 1860 1458; x_wconf 81' lang='grc' dir='ltr'><strong><em>φρενὸς</em></strong></span> 
     </span>
     <span class='ocr_line' id='line_1_18' title="bbox 378 1465 1741 1558; baseline 0.001 -21"><span class='ocrx_word' id='word_1_74' title='bbox 378 1469 685 1557; x_wconf 77' lang='grc' dir='ltr'><strong><em>πέφυκας</em></strong></span> <span class='ocrx_word' id='word_1_75' title='bbox 703 1465 1088 1556; x_wconf 77' lang='grc' dir='ltr'><strong><em>Ἡράκλειος</em></strong></span> <span class='ocrx_word' id='word_1_76' title='bbox 1105 1491 1119 1505; x_wconf 93' lang='grc'>·</span> <span class='ocrx_word' id='word_1_77' title='bbox 1154 1465 1307 1538; x_wconf 79' lang='grc' dir='ltr'><strong><em>οὐδ’</em></strong></span> <span class='ocrx_word' id='word_1_78' title='bbox 1342 1468 1741 1558; x_wconf 82' lang='grc' dir='ltr'><strong><em>αἰσχύνομαι</em></strong></span> 
     </span>
     <span class='ocr_line' id='line_1_19' title="bbox 381 1568 1835 1660; baseline 0.001 -21"><span class='ocrx_word' id='word_1_79' title='bbox 381 1585 517 1650; x_wconf 90' lang='grc' dir='ltr'><strong><em>τοῖς</em></strong></span> <span class='ocrx_word' id='word_1_80' title='bbox 543 1585 687 1650; x_wconf 88' lang='grc' dir='ltr'><strong><em>σοῖς</em></strong></span> <span class='ocrx_word' id='word_1_81' title='bbox 714 1571 1005 1658; x_wconf 91' lang='grc' dir='ltr'><strong><em>λόγοισι,</em></strong></span> <span class='ocrx_word' id='word_1_82' title='bbox 1035 1577 1115 1660; x_wconf 77' lang='grc' dir='ltr'><strong><em>τῇ</em></strong></span> <span class='ocrx_word' id='word_1_83' title='bbox 1147 1572 1311 1660; x_wconf 89' lang='grc' dir='ltr'><strong><em>τύχῃ</em></strong></span> <span class='ocrx_word' id='word_1_84' title='bbox 1341 1568 1403 1639; x_wconf 87' lang='grc' dir='ltr'><strong><em>δ’</em></strong></span> <span class='ocrx_word' id='word_1_85' title='bbox 1440 1569 1835 1660; x_wconf 81' lang='grc' dir='ltr'><strong><em>ἀλγύνομαι.</em></strong></span> 
     </span>
     <span class='ocr_line' id='line_1_20' title="bbox 381 1663 1789 1764; baseline 0.001 -23"><span class='ocrx_word' id='word_1_86' title='bbox 381 1670 530 1741; x_wconf 78' lang='grc' dir='ltr'><strong><em>ἀλλ’</em></strong></span> <span class='ocrx_word' id='word_1_87' title='bbox 565 1663 609 1762; x_wconf 82' lang='grc' dir='ltr'><em>ᾗ</em></span> <span class='ocrx_word' id='word_1_88' title='bbox 637 1669 884 1760; x_wconf 87' lang='grc' dir='ltr'><strong><em>γένοιτ’</em></strong></span> <span class='ocrx_word' id='word_1_89' title='bbox 923 1668 1008 1741; x_wconf 69' lang='grc' dir='ltr'><strong><em>ἂν</em></strong></span> <span class='ocrx_word' id='word_1_90' title='bbox 1037 1675 1489 1762; x_wconf 83' lang='grc' dir='ltr'><strong><em>ἐνδικωτέρως</em></strong></span> <span class='ocrx_word' id='word_1_91' title='bbox 1519 1675 1757 1764; x_wconf 90' lang='grc' dir='ltr'><strong><em>φράσω</em></strong></span> <span class='ocrx_word' id='word_1_92' title='bbox 1776 1697 1789 1711; x_wconf 89' lang='grc'><em>·</em></span> 
     </span>
     <span class='ocr_line' id='line_1_21' title="bbox 380 1771 1823 1865; baseline 0.002 -23"><span class='ocrx_word' id='word_1_93' title='bbox 380 1774 595 1854; x_wconf 87' lang='grc' dir='ltr'><strong><em>πάσας</em></strong></span> <span class='ocrx_word' id='word_1_94' title='bbox 626 1771 924 1862; x_wconf 77' lang='grc' dir='ltr'><strong><em>ἀδελφὰς</em></strong></span> <span class='ocrx_word' id='word_1_95' title='bbox 952 1781 1153 1863; x_wconf 84' lang='grc' dir='ltr'><strong><em>τῆσδε</em></strong></span> <span class='ocrx_word' id='word_1_96' title='bbox 1181 1781 1387 1864; x_wconf 87' lang='grc' dir='ltr'><strong><em>δεῦρο</em></strong></span> <span class='ocrx_word' id='word_1_97' title='bbox 1415 1774 1541 1865; x_wconf 84' lang='grc' dir='ltr'><strong><em>χρὴ</em></strong></span> <span class='ocrx_word' id='word_1_98' title='bbox 1573 1786 1823 1863; x_wconf 81' lang='grc' dir='ltr'><strong><em>καλεῖν,</em></strong></span> 
     </span>
     <span class='ocr_line' id='line_1_22' title="bbox 381 1867 1833 1967; baseline 0.002 -23"><span class='ocrx_word' id='word_1_99' title='bbox 381 1867 546 1967; x_wconf 78' lang='grc' dir='ltr'><strong><em>κᾷθ’</em></strong></span> <span class='ocrx_word' id='word_1_100' title='bbox 582 1873 622 1964; x_wconf 80' lang='grc' dir='ltr'><strong><em>ἡ</em></strong></span> <span class='ocrx_word' id='word_1_101' title='bbox 652 1883 949 1965; x_wconf 83' lang='grc' dir='ltr'><strong><em>λαχοῦσα</em></strong></span> <span class='ocrx_word' id='word_1_102' title='bbox 975 1880 1327 1966; x_wconf 76' lang='grc' dir='ltr'><strong><em>θνῃσκέτω</em></strong></span> <span class='ocrx_word' id='word_1_103' title='bbox 1360 1879 1600 1966; x_wconf 82' lang='grc' dir='ltr'><strong><em>γένους</em></strong></span> <span class='ocrx_word' id='word_1_104' title='bbox 1630 1875 1799 1967; x_wconf 79' lang='grc' dir='ltr'><strong><em>ὕπερ</em></strong></span> <span class='ocrx_word' id='word_1_105' title='bbox 1820 1900 1833 1914; x_wconf 87' lang='grc'><em>·</em></span> 
     </span>
     <span class='ocr_line' id='line_1_23' title="bbox 380 1976 1827 2049; baseline -0.001 -1"><span class='ocrx_word' id='word_1_106' title='bbox 380 1980 456 2048; x_wconf 77' lang='grc' dir='ltr'><strong><em>σὲ</em></strong></span> <span class='ocrx_word' id='word_1_107' title='bbox 488 1977 551 2048; x_wconf 86' lang='grc' dir='ltr'><strong><em>δ’</em></strong></span> <span class='ocrx_word' id='word_1_108' title='bbox 589 1976 671 2048; x_wconf 82' lang='grc' dir='ltr'><strong><em>οὐ</em></strong></span> <span class='ocrx_word' id='word_1_109' title='bbox 701 1984 968 2049; x_wconf 84' lang='grc' dir='ltr'><strong><em>δίκαιον</em></strong></span> <span class='ocrx_word' id='word_1_110' title='bbox 995 1991 1363 2049; x_wconf 81' lang='grc' dir='ltr'><strong><em>κατθανεῖν</em></strong></span> <span class='ocrx_word' id='word_1_111' title='bbox 1393 1976 1560 2048; x_wconf 70' lang='grc' dir='ltr'><strong><em>ἄνευ</em></strong></span> <span class='ocrx_word' id='word_1_112' title='bbox 1589 1980 1827 2049; x_wconf 89' lang='grc' dir='ltr'><strong><em>πάλου.</em></strong></span> 
     </span>
     <span class='ocr_line' id='line_1_24' title="bbox 381 2077 1729 2171; baseline -0.001 -20"><span class='ocrx_word' id='word_1_113' title='bbox 381 2079 510 2151; x_wconf 84' lang='grc' dir='ltr'><strong><em>οὐκ</em></strong></span> <span class='ocrx_word' id='word_1_114' title='bbox 539 2077 625 2149; x_wconf 74' lang='grc' dir='ltr'><strong><em>ἂν</em></strong></span> <span class='ocrx_word' id='word_1_115' title='bbox 653 2082 928 2170; x_wconf 87' lang='grc' dir='ltr'><strong><em>θάνοιμι</em></strong></span> <span class='ocrx_word' id='word_1_116' title='bbox 954 2089 1034 2171; x_wconf 81' lang='grc' dir='ltr'><strong><em>τῇ</em></strong></span> <span class='ocrx_word' id='word_1_117' title='bbox 1064 2082 1229 2171; x_wconf 84' lang='grc' dir='ltr'><strong><em>τύχῃ</em></strong></span> <span class='ocrx_word' id='word_1_118' title='bbox 1259 2078 1535 2168; x_wconf 83' lang='grc' dir='ltr'><strong><em>λαχοῦσ’</em></strong></span> <span class='ocrx_word' id='word_1_119' title='bbox 1568 2082 1698 2168; x_wconf 83' lang='grc' dir='ltr'><strong><em>ε’γῶ</em></strong></span> <span class='ocrx_word' id='word_1_120' title='bbox 1716 2105 1729 2119; x_wconf 91' lang='grc'>·</span> 
     </span>
     <span class='ocr_line' id='line_1_25' title="bbox 381 2180 1847 2274; baseline 0 -23"><span class='ocrx_word' id='word_1_121' title='bbox 381 2183 573 2272; x_wconf 88' lang='grc' dir='ltr'><strong><em>χάρις</em></strong></span> <span class='ocrx_word' id='word_1_122' title='bbox 601 2182 730 2272; x_wconf 81' lang='grc' dir='ltr'><strong><em>γὰρ</em></strong></span> <span class='ocrx_word' id='word_1_123' title='bbox 759 2180 843 2252; x_wconf 82' lang='grc' dir='ltr'><strong><em>ού</em></strong></span> <span class='ocrx_word' id='word_1_124' title='bbox 871 2182 1186 2274; x_wconf 79' lang='grc' dir='ltr'><strong><em>πρόσεστι</em></strong></span> <span class='ocrx_word' id='word_1_125' title='bbox 1208 2208 1222 2221; x_wconf 87' lang='grc'><em>·</em></span> <span class='ocrx_word' id='word_1_126' title='bbox 1255 2182 1343 2271; x_wconf 86' lang='grc' dir='ltr'><strong><em>μὴ</em></strong></span> <span class='ocrx_word' id='word_1_127' title='bbox 1374 2186 1597 2273; x_wconf 83' lang='grc' dir='ltr'><strong><em>λέξῃς,</em></strong></span> <span class='ocrx_word' id='word_1_128' title='bbox 1626 2187 1847 2274; x_wconf 82' lang='grc' dir='ltr'><strong><em>γέρον.</em></strong></span> 
     </span>
     <span class='ocr_line' id='line_1_26' title="bbox 385 2283 1821 2375; baseline 0.001 -22"><span class='ocrx_word' id='word_1_129' title='bbox 385 2283 534 2354; x_wconf 78' lang='grc' dir='ltr'><strong><em>ἀλλ’</em></strong></span> <span class='ocrx_word' id='word_1_130' title='bbox 572 2292 636 2354; x_wconf 81' lang='grc' dir='ltr'><strong><em>εἰ</em></strong></span> <span class='ocrx_word' id='word_1_131' title='bbox 661 2286 785 2373; x_wconf 78' lang='grc' dir='ltr'><strong><em>μὲν</em></strong></span> <span class='ocrx_word' id='word_1_132' title='bbox 814 2288 1170 2374; x_wconf 79' lang='grc' dir='ltr'><strong><em>ἐνδέχεσθε</em></strong></span> <span class='ocrx_word' id='word_1_133' title='bbox 1199 2289 1313 2356; x_wconf 80' lang='grc' dir='ltr'><strong><em>καὶ</em></strong></span> <span class='ocrx_word' id='word_1_134' title='bbox 1341 2286 1683 2373; x_wconf 88' lang='grc' dir='ltr'><strong><em>βούλεσθέ</em></strong></span> <span class='ocrx_word' id='word_1_135' title='bbox 1707 2314 1821 2375; x_wconf 90' lang='grc' dir='ltr'><strong><em>μοι</em></strong></span> 
     </span>
     <span class='ocr_line' id='line_1_27' title="bbox 383 2386 1834 2481; baseline 0.001 -25"><span class='ocrx_word' id='word_1_136' title='bbox 383 2394 678 2477; x_wconf 88' lang='grc' dir='ltr'><strong><em>χρῆσθαι</em></strong></span> <span class='ocrx_word' id='word_1_137' title='bbox 707 2386 1074 2481; x_wconf 75' lang='grc' dir='ltr'><strong><em>προθύμῳ,</em></strong></span> <span class='ocrx_word' id='word_1_138' title='bbox 1104 2387 1227 2476; x_wconf 82' lang='grc' dir='ltr'><strong><em>τὴν</em></strong></span> <span class='ocrx_word' id='word_1_139' title='bbox 1257 2386 1423 2477; x_wconf 78' lang='grc' dir='ltr'><strong><em>ἐμὴν</em></strong></span> <span class='ocrx_word' id='word_1_140' title='bbox 1450 2388 1675 2476; x_wconf 83' lang='grc' dir='ltr'><strong><em>ψυχὴν</em></strong></span> <span class='ocrx_word' id='word_1_141' title='bbox 1703 2389 1834 2477; x_wconf 82' lang='grc' dir='ltr'><strong><em>ε’γῶ</em></strong></span> 
     </span>
    </p>
   </div>
   <div class='ocr_carea' id='block_1_10' title="bbox 360 2487 1940 2585">
    <p class='ocr_par' dir='ltr' id='par_1_10' title="bbox 360 2487 1940 2585">
     <span class='ocr_line' id='line_1_28' title="bbox 360 2487 1940 2585; baseline 0.002 -27"><span class='ocrx_word' id='word_1_142' title='bbox 360 2488 628 2585; x_wconf 61' lang='grc' dir='ltr'><strong><em>&gt;δίδωμ’</em></strong></span> <span class='ocrx_word' id='word_1_143' title='bbox 665 2492 912 2559; x_wconf 78' lang='grc' dir='ltr'><strong><em>ἑκοῦσα</em></strong></span> <span class='ocrx_word' id='word_1_144' title='bbox 940 2487 1177 2578; x_wconf 82' lang='grc' dir='ltr'><strong><em>τοῖσδ’,</em></strong></span> <span class='ocrx_word' id='word_1_145' title='bbox 1207 2488 1712 2578; x_wconf 81' lang='grc' dir='ltr'><strong><em>ἄναγκασθεῖσα</em></strong></span> <span class='ocrx_word' id='word_1_146' title='bbox 1739 2488 1803 2559; x_wconf 83' lang='grc' dir='ltr'><strong><em>δ’</em></strong></span> <span class='ocrx_word' id='word_1_147' title='bbox 1840 2489 1940 2561; x_wconf 64' lang='grc' dir='ltr'><strong><em>οὗ-</em></strong></span> 
     </span>
    </p>
   </div>
   <div class='ocr_carea' id='block_1_11' title="bbox 383 2614 1892 3088">
    <p class='ocr_par' dir='ltr' id='par_1_11' title="bbox 384 2614 549 2679">
     <span class='ocr_line' id='line_1_29' title="bbox 384 2614 549 2679; baseline -0.006 -18"><span class='ocrx_word' id='word_1_148' title='bbox 384 2614 549 2679; x_wconf 89' lang='grc' dir='ltr'><strong><em>φευ·</em></strong></span> 
     </span>
    </p>

    <p class='ocr_par' dir='ltr' id='par_1_12' title="bbox 383 2683 1892 3088">
     <span class='ocr_line' id='line_1_30' title="bbox 386 2683 1851 2783; baseline 0.001 -22"><span class='ocrx_word' id='word_1_149' title='bbox 386 2690 492 2762; x_wconf 81' lang='grc' dir='ltr'><strong><em>ὅδ’</em></strong></span> <span class='ocrx_word' id='word_1_150' title='bbox 527 2683 618 2762; x_wconf 78' lang='grc' dir='ltr'><strong><em>αὖ</em></strong></span> <span class='ocrx_word' id='word_1_151' title='bbox 645 2694 842 2781; x_wconf 84' lang='grc' dir='ltr'><strong><em>λόγος</em></strong></span> <span class='ocrx_word' id='word_1_152' title='bbox 869 2716 975 2763; x_wconf 91' lang='grc' dir='ltr'><strong><em>σοι</em></strong></span> <span class='ocrx_word' id='word_1_153' title='bbox 1004 2703 1125 2764; x_wconf 86' lang='grc' dir='ltr'><strong><em>τοῦ</em></strong></span> <span class='ocrx_word' id='word_1_154' title='bbox 1155 2696 1318 2783; x_wconf 77' lang='grc' dir='ltr'><strong><em>πρὶν</em></strong></span> <span class='ocrx_word' id='word_1_155' title='bbox 1352 2691 1819 2783; x_wconf 83' lang='grc' dir='ltr'><strong><em>εὐγενέστερος</em></strong></span> <span class='ocrx_word' id='word_1_156' title='bbox 1837 2716 1851 2730; x_wconf 88' lang='grc'><em>·</em></span> 
     </span>
     <span class='ocr_line' id='line_1_31' title="bbox 386 2787 1763 2887; baseline 0.001 -22"><span class='ocrx_word' id='word_1_157' title='bbox 386 2791 695 2875; x_wconf 83' lang='grc' dir='ltr'><strong><em>κάκεῖνος</em></strong></span> <span class='ocrx_word' id='word_1_158' title='bbox 723 2787 810 2884; x_wconf 81' lang='grc' dir='ltr'><strong><em>ἦν</em></strong></span> <span class='ocrx_word' id='word_1_159' title='bbox 840 2793 1140 2885; x_wconf 70' lang='grc' dir='ltr'><strong><em>ἄριστος,</em></strong></span> <span class='ocrx_word' id='word_1_160' title='bbox 1173 2793 1323 2866; x_wconf 78' lang='grc' dir='ltr'><strong><em>ἀλλ’</em></strong></span> <span class='ocrx_word' id='word_1_161' title='bbox 1358 2792 1763 2887; x_wconf 81' lang='grc' dir='ltr'><strong><em>ὑπερφέρεις</em></strong></span> 
     </span>
     <span class='ocr_line' id='line_1_32' title="bbox 383 2894 1861 2992; baseline 0.001 -26"><span class='ocrx_word' id='word_1_162' title='bbox 383 2898 592 2987; x_wconf 88' lang='grc' dir='ltr'><strong><em>τόλμῃ</em></strong></span> <span class='ocrx_word' id='word_1_163' title='bbox 620 2926 692 2968; x_wconf 91' lang='grc' dir='ltr'><strong><em>τε</em></strong></span> <span class='ocrx_word' id='word_1_164' title='bbox 718 2898 969 2986; x_wconf 89' lang='grc' dir='ltr'><strong><em>τόλμαν</em></strong></span> <span class='ocrx_word' id='word_1_165' title='bbox 998 2901 1112 2968; x_wconf 80' lang='grc' dir='ltr'><strong><em>καὶ</em></strong></span> <span class='ocrx_word' id='word_1_166' title='bbox 1140 2899 1319 2991; x_wconf 74' lang='grc' dir='ltr'><strong><em>λόγῳ</em></strong></span> <span class='ocrx_word' id='word_1_167' title='bbox 1345 2905 1608 2992; x_wconf 76' lang='grc' dir='ltr'><strong><em>χρηστῷ</em></strong></span> <span class='ocrx_word' id='word_1_168' title='bbox 1637 2894 1861 2987; x_wconf 90' lang='grc' dir='ltr'><strong><em>λόγον.</em></strong></span> 
     </span>
     <span class='ocr_line' id='line_1_33' title="bbox 387 2997 1892 3088; baseline 0.001 -20"><span class='ocrx_word' id='word_1_169' title='bbox 387 2997 473 3068; x_wconf 81' lang='grc' dir='ltr'><strong><em>οὐ</em></strong></span> <span class='ocrx_word' id='word_1_170' title='bbox 503 2998 638 3088; x_wconf 83' lang='grc' dir='ltr'><strong><em>μὴν</em></strong></span> <span class='ocrx_word' id='word_1_171' title='bbox 666 3001 923 3070; x_wconf 87' lang='grc' dir='ltr'><strong><em>κελεύω</em></strong></span> <span class='ocrx_word' id='word_1_172' title='bbox 951 2998 1016 3088; x_wconf 87' lang='grc' dir='ltr'><strong><em>γ’</em></strong></span> <span class='ocrx_word' id='word_1_173' title='bbox 1050 2998 1202 3070; x_wconf 81' lang='grc' dir='ltr'><strong><em>οὐδ’</em></strong></span> <span class='ocrx_word' id='word_1_174' title='bbox 1237 2998 1625 3088; x_wconf 79' lang='grc' dir='ltr'><strong><em>ἀπεννέπω,</em></strong></span> <span class='ocrx_word' id='word_1_175' title='bbox 1659 3003 1892 3070; x_wconf 77' lang='grc' dir='ltr'><strong><em>τέκνον</em></strong></span> 
     </span>
    </p>
   </div>
   <div class='ocr_carea' id='block_1_12' title="bbox 2036 176 2156 240">
    <p class='ocr_par' dir='ltr' id='par_1_13' title="bbox 2036 176 2156 240">
     <span class='ocr_line' id='line_1_34' title="bbox 2036 176 2156 240; baseline -0.025 -2"><span class='ocrx_word' id='word_1_176' title='bbox 2036 176 2156 240; x_wconf 66' lang='grc' dir='ltr'><strong><em>31)ῗὶ</em></strong></span> 
     </span>
    </p>
   </div>
   <div class='ocr_carea' id='block_1_13' title="bbox 386 3099 2112 3192">
    <p class='ocr_par' dir='ltr' id='par_1_14' title="bbox 386 3099 2112 3192">
     <span class='ocr_line' id='line_1_35' title="bbox 386 3099 2112 3192; baseline -0.001 -22"><span class='ocrx_word' id='word_1_177' title='bbox 386 3100 730 3189; x_wconf 78' lang='grc' dir='ltr'><strong><em>[θνήσκειν</em></strong></span> <span class='ocrx_word' id='word_1_178' title='bbox 765 3101 848 3186; x_wconf 89' lang='grc' dir='ltr'><strong><em>γ’·</em></strong></span> <span class='ocrx_word' id='word_1_179' title='bbox 881 3099 1220 3191; x_wconf 74' lang='grc' dir='ltr'><strong><em>ἀδελφοὺς</em></strong></span> <span class='ocrx_word' id='word_1_180' title='bbox 1252 3101 1536 3192; x_wconf 80' lang='grc' dir='ltr'><strong><em>ῶφελεῖς</em></strong></span> <span class='ocrx_word' id='word_1_181' title='bbox 1562 3110 1875 3173; x_wconf 86' lang='grc' dir='ltr'><strong><em>θανοῦσα</em></strong></span> <span class='ocrx_word' id='word_1_182' title='bbox 1904 3105 2056 3181; x_wconf 46' lang='grc' dir='ltr'><strong><em>στῇ-,ῖς</em></strong></span> <span class='ocrx_word' id='word_1_183' title='bbox 2080 3105 2112 3171; x_wconf 76' lang='grc'><strong><em>’1</em></strong></span> 
     </span>
    </p>
   </div>
   <div class='ocr_carea' id='block_1_14' title="bbox 383 3204 1896 3503">
    <p class='ocr_par' dir='ltr' id='par_1_15' title="bbox 383 3204 1896 3503">
     <span class='ocr_line' id='line_1_36' title="bbox 383 3204 1752 3297; baseline 0.003 -26"><span class='ocrx_word' id='word_1_184' title='bbox 383 3210 612 3291; x_wconf 88' lang='grc' dir='ltr'><strong><em>σοφῶς</em></strong></span> <span class='ocrx_word' id='word_1_185' title='bbox 646 3204 975 3286; x_wconf 89' lang='grc' dir='ltr'><strong><em>κελεύεις·</em></strong></span> <span class='ocrx_word' id='word_1_186' title='bbox 1007 3204 1097 3294; x_wconf 85' lang='grc' dir='ltr'><strong><em>μὴ</em></strong></span> <span class='ocrx_word' id='word_1_187' title='bbox 1127 3209 1363 3297; x_wconf 82' lang='grc' dir='ltr'><strong><em>τρέσῃς</em></strong></span> <span class='ocrx_word' id='word_1_188' title='bbox 1387 3205 1752 3294; x_wconf 87' lang='grc' dir='ltr'><strong><em>μιάσματος</em></strong></span> 
     </span>
     <span class='ocr_line' id='line_1_37' title="bbox 384 3302 1896 3398; baseline -0.001 -23"><span class='ocrx_word' id='word_1_189' title='bbox 384 3302 645 3395; x_wconf 80' lang='grc' dir='ltr'><strong><em>τούμοῦ</em></strong></span> <span class='ocrx_word' id='word_1_190' title='bbox 673 3324 1060 3396; x_wconf 84' lang='grc' dir='ltr'><strong><em>μετασχεῖν,</em></strong></span> <span class='ocrx_word' id='word_1_191' title='bbox 1091 3306 1241 3378; x_wconf 82' lang='grc' dir='ltr'><strong><em>ἀλλ’</em></strong></span> <span class='ocrx_word' id='word_1_192' title='bbox 1276 3311 1654 3398; x_wconf 80' lang='grc' dir='ltr'><strong><em>ἐλευθέρως</em></strong></span> <span class='ocrx_word' id='word_1_193' title='bbox 1680 3309 1896 3377; x_wconf 74' lang='grc' dir='ltr'><strong><em>θάνω.</em></strong></span> 
     </span>
     <span class='ocr_line' id='line_1_38' title="bbox 384 3410 1819 3503; baseline 0.003 -27"><span class='ocrx_word' id='word_1_194' title='bbox 384 3410 556 3478; x_wconf 80' lang='grc' dir='ltr'><strong><em>ἕπου</em></strong></span> <span class='ocrx_word' id='word_1_195' title='bbox 584 3412 691 3497; x_wconf 88' lang='grc' dir='ltr'><strong><em>δέ,</em></strong></span> <span class='ocrx_word' id='word_1_196' title='bbox 723 3412 1015 3501; x_wconf 88' lang='grc' dir='ltr'><strong><em>πρέσβυ·</em></strong></span> <span class='ocrx_word' id='word_1_197' title='bbox 1046 3419 1131 3502; x_wconf 81' lang='grc' dir='ltr'><strong><em>σῇ</em></strong></span> <span class='ocrx_word' id='word_1_198' title='bbox 1166 3410 1296 3503; x_wconf 79' lang='grc' dir='ltr'><strong><em>γὰρ</em></strong></span> <span class='ocrx_word' id='word_1_199' title='bbox 1326 3416 1645 3481; x_wconf 83' lang='grc' dir='ltr'><strong><em>ἐνθανεῖν</em></strong></span> <span class='ocrx_word' id='word_1_200' title='bbox 1673 3413 1819 3503; x_wconf 80' lang='grc' dir='ltr'><strong><em>χερὶ</em></strong></span> 
     </span>
    </p>
   </div>
   <div class='ocr_carea' id='block_1_15' title="bbox 320 3512 2008 3672">
    <p class='ocr_par' dir='ltr' id='par_1_16' title="bbox 320 3512 2008 3672">
     <span class='ocr_line' id='line_1_39' title="bbox 387 3512 2008 3607; baseline 0 -29"><span class='ocrx_word' id='word_1_201' title='bbox 387 3512 570 3580; x_wconf 87' lang='grc' dir='ltr'><strong><em>θέλω</em></strong></span> <span class='ocrx_word' id='word_1_202' title='bbox 590 3534 604 3548; x_wconf 93' lang='grc'>·</span> <span class='ocrx_word' id='word_1_203' title='bbox 635 3515 911 3597; x_wconf 82' lang='grc' dir='ltr'><strong><em>πέπλοις</em></strong></span> <span class='ocrx_word' id='word_1_204' title='bbox 944 3515 1020 3585; x_wconf 71' lang='grc' dir='ltr'><strong><em>δὲ</em></strong></span> <span class='ocrx_word' id='word_1_205' title='bbox 1050 3512 1218 3603; x_wconf 91' lang='grc' dir='ltr'><strong><em>σῶμ’</em></strong></span> <span class='ocrx_word' id='word_1_206' title='bbox 1261 3513 1423 3605; x_wconf 82' lang='grc' dir='ltr'><strong><em>ἐμὸν</em></strong></span> <span class='ocrx_word' id='word_1_207' title='bbox 1448 3514 1713 3607; x_wconf 80' lang='grc' dir='ltr'><strong><em>κρύψον</em></strong></span> <span class='ocrx_word' id='word_1_208' title='bbox 1741 3513 1972 3603; x_wconf 58' lang='grc' dir='ltr'><strong><em>παρών</em></strong></span> <span class='ocrx_word' id='word_1_209' title='bbox 2000 3537 2008 3545; x_wconf 95' lang='grc'><strong><em>·</em></strong></span> 
     </span>
     <span class='ocr_line' id='line_1_40' title="bbox 320 3609 1839 3672; baseline 0.004 -6"><span class='ocrx_word' id='word_1_210' title='bbox 320 3628 504 3669; x_wconf 67' lang='lat' dir='ltr'>Evam.</span> <span class='ocrx_word' id='word_1_211' title='bbox 547 3632 674 3671; x_wconf 72' lang='lat' dir='ltr'><strong>vot.</strong></span> <span class='ocrx_word' id='word_1_212' title='bbox 713 3618 754 3672; x_wconf 91' lang='lat'><strong><em>1.</em></strong></span> <span class='ocrx_word' id='word_1_213' title='bbox 1306 3653 1317 3661; x_wconf 87' lang='lat'><em>-</em></span> <span class='ocrx_word' id='word_1_214' title='bbox 1756 3609 1839 3672; x_wconf 70' lang='lat'><strong><em>20</em></strong></span> 
     </span>
    </p>
   </div>
   <div class='ocr_carea' id='block_1_16' title="bbox 2072 3429 2168 3477">
    <p class='ocr_par' dir='ltr' id='par_1_17' title="bbox 2072 3429 2168 3477">
     <span class='ocr_line' id='line_1_41' title="bbox 2072 3429 2168 3477; baseline -0.01 -4"><span class='ocrx_word' id='word_1_215' title='bbox 2072 3429 2168 3477; x_wconf 49' lang='lat' dir='ltr'><strong><em>&#39;infit-2</em></strong></span> 
     </span>
    </p>
   </div>
  </div>
 </body>
</html>
