2492 3900
350 155 476 217 220
1190 156 1500 215 EAENH

578 327 779 414 γέρας
807 319 889 392 οὐ
922 323 1154 412 γέρας,
1186 318 1334 389 ἀλλ’
1370 327 1517 410 ἔριν

580 431 879 496 Δαναῶν
905 425 1201 513 νεφέλαν
1229 423 1340 491 ἐπὶ
1365 423 1614 491 ναυσὶν
1641 419 1848 512 ἄγων,
2240 443 2374 498 1135

584 533 865 598 εἴδωλον
897 524 1047 614 ι’ρὸν
1066 521 1298 615 ”Ηρας.

584 626 621 699 ὅ
649 658 712 699 τι
740 627 904 708 θεὸς
932 623 975 715 ἢ
1000 625 1090 715 μὴ
1118 624 1282 707 θεὸς
1308 621 1352 713 ἢ
1380 623 1453 694 τὸ
1483 627 1710 714 μέσον,
2093 646 2237 716 στρ.

584 739 683 812 τίς
714 727 868 817 φηο)
901 725 1266 817 ἐρευνήσας
1293 733 1557 816 βροτῶν

583 830 1000 921 μακρότατον
1031 833 1237 919 πέρας
1267 827 1513 917 εὑρεῖν,

582 931 655 1013 ὃς
681 931 763 1002 τὰ
788 938 977 1003 θεῶν
1005 934 1208 1024 ἐσορᾷ
2245 949 2378 1002 1140

584 1041 790 1124 δεῦρο
820 1035 934 1104 καὶ
960 1024 1169 1114 αὖθις
1196 1036 1412 1104 ἐκεῖσε

581 1140 695 1206 καὶ
726 1137 931 1206 πάλιν
959 1132 1334 1222 ἀντιλόγοις

582 1235 883 1328 πηδῶντ’
916 1235 1339 1317 ἀνελπίστοις
1365 1236 1626 1324 τύχαις;

581 1340 668 1410 σύ
694 1339 864 1421 Διὸς
893 1347 1097 1429 ἔφυς,
1130 1330 1183 1408 ὦ
1210 1334 1474 1426 Ἑλένα,
1503 1337 1810 1428 θυγάτηρ
1829 1359 1843 1375 ·

580 1441 830 1523 πτανὸς
855 1440 985 1531 γὰρ
1015 1445 1089 1511 ἐν
1115 1440 1389 1520 κόλποις
1416 1461 1490 1510 σε
1515 1441 1660 1528 Λή·
2251 1458 2386 1511 1145

584 1549 703 1624 δας
732 1545 1054 1613 ἐτέκνωσε
1080 1543 1318 1633 πατήρ.

581 1649 691 1710 καὶ
722 1641 869 1730 ἰαχὴ
898 1644 981 1730 σὴ
1014 1643 1175 1713 καθ’
1200 1642 1549 1713 Ἑλλανίαν

582 1743 811 1827 ἄδικος
840 1743 1155 1836 προδότις
1182 1742 1456 1826 ἄπιστος
1485 1742 1687 1826 ἄθεος
1706 1768 1720 1782 ·
1753 1740 1907 1816 οὐδ’
1942 1751 2068 1832 ἔχω

584 1855 657 1918 τί
680 1845 755 1917 τὸ
791 1849 1033 1935 σαφές,
1065 1843 1105 1916 ὅ
1132 1875 1195 1916 τι
1224 1845 1371 1918 ποτ’
1412 1851 1486 1916 ἐν
1531 1854 1814 1936 βροτοῖς.

582 1947 655 2020 τό
686 1958 874 2020 θεῶν
901 1958 1057 2032 ἔπος
1084 1945 1334 2031 ἀλαθὲς
1357 1941 1588 2039 ηὗρον.
2246 1969 2384 2021 1150

584 2050 878 2142 ἄφρονες
905 2049 1051 2121 ὅσοι
1080 2049 1195 2133 τὰς
1224 2048 1461 2141 ἀρετὰς
1489 2052 1757 2144 πολέμῳ
2084 2047 2236 2121 ἀντ.

580 2161 835 2223 κτᾶσθε
864 2152 1062 2242 δορὸς
1088 2150 1371 2223 ἀλκαίου
1399 2154 1667 2241 λόγχαι-

582 2277 691 2323 σιν
721 2253 1261 2342 καταπαυόμενοι
1289 2255 1416 2325 πό-

580 2383 748 2435 νους
772 2362 1050 2425 θνατῶν
1078 2353 1380 2437 ἀπαθῶς.

584 2464 647 2526 εί
667 2455 797 2547 γὰρ
826 2454 1070 2546 ἅμιλλα
1097 2474 1322 2548 κρινεῖ
1341 2486 1454 2529 νιν
2241 2477 2387 2531 1155

578 2564 882 2648 αἵματος,
914 2557 1151 2630 οὔποτ’
1186 2567 1325 2652 ἔρις

576 2669 797 2744 λείψει
825 2659 973 2732 κατ’
1009 2660 1400 2753 ἀνθρώπων
1424 2659 1671 2743 πόλεις.

582 2767 655 2829 αἳ
681 2768 1052 2849 Πριαμίδος
1078 2774 1216 2855 ,γᾶς
1257 2770 1490 2834 ἔλιπον
1520 2761 1890 2852 θαλάμους,

579 2862 728 2945 ἐξὸν
759 2870 1134 2954 διορθῶσαι
1163 2865 1387 2953 λόγοις

576 2962 704 3034 σὰν
734 2972 913 3055 ἔριν,
945 2957 1001 3035 ῶ
1032 2961 1283 3036 Ἑλένα.
2243 2986 2389 3042 1160

577 3072 710 3135 νῦν
742 3064 807 3136 δ’
839 3074 909 3138 οἳ
932 3068 1056 3157 μὲν
1080 3064 1279 3160 Ἅιδᾳ
1304 3072 1616 3157 μέλονται
1645 3067 1846 3157 κάτω,

575 3174 790 3255 τείχεα
819 3170 895 3241 δὲ
921 3168 1253 3262 φλογερὸς
1293 3167 1460 3241 ῶστε
1484 3169 1656 3253 Διὸς
1695 3174 1976 3243 ἐπέσυτο
2007 3171 2210 3260 φλόξ,

574 3272 681 3339 ἐπὶ
710 3272 785 3341 δὲ
816 3273 1041 3344 πάθεα
1069 3274 1319 3343 πάθεσι
1349 3277 1575 3363 φέρεις

576 3365 844 3453 ἀθλίοις
870 3377 945 3443 ἐν
972 3390 1351 3465 συμφοραῖς
1378 3382 1680 3458 αἰλίνοις.

906 3490 1286 3547 1137-1150
1311 3492 1798 3548 :1151--1164
