2492 3900
123 6 206 26 *3

993 152 1063 210 Η
1067 153 1392 210 ΛΕΚΤΡΑ
2082 151 2195 218 281

416 325 584 410 σιγῶ
604 343 618 358 ·
653 325 862 409 σοφὸς
891 318 958 390 δ’
993 315 1092 389 τόν
1120 318 1246 390 οὐκ
1276 323 1515 412 ἔχρησέ
1538 343 1645 390 σοι
1674 323 1873 412 σοφά.

421 429 639 494 αἰνεῖν
668 421 733 492 δ’
769 421 1027 512 ἀνάγκη
1057 431 1297 494 ταῦτα·
1330 421 1710 497 τάντεῦθεν
1740 425 1815 495 δὲ
1840 425 1966 516 χρὴ

418 526 745 614 πράσσειν
773 522 816 594 ἃ
843 543 1043 614 μοῖρα
1069 527 1240 606 Ζεύς
1272 524 1337 596 τ’
1373 533 1613 617 ἔκρανε
1642 533 1770 596 σοῦ
1802 531 1975 618 πέρι.

416 628 704 718 Πυλάδῃ
731 629 854 716 μὲν
877 625 1240 718 Ἠλέκτραν
1268 627 1385 710 δὸς
1414 625 1658 716 ἄλοχον
1688 635 1781 710 εἰς
1810 631 2081 721 δόμους,

416 728 502 799 σύ
532 728 597 799 δ’
621 727 864 820 ’Ἆργος
895 727 1138 800 ἔκλιπ’·
1169 728 1255 798 οὐ
1282 731 1415 821 γὰρ
1446 738 1584 800 ἔστι
1614 753 1721 800 σοι
1750 734 1949 816 πόλιν
2068 751 2203 805 1250

415 829 605 920 τήνδ’
641 833 1037 921 ἐμβατεύειν
1058 885 1076 919 ,
1114 836 1366 923 μητέρα
1396 841 1751 904 κτείναντα
1780 835 1925 922 σήν.

415 937 646 1004 δειναὶ.
665 935 741 1005 δὲ
765 938 988 1025 Κῆρές
1011 932 1075 1004 σ’
1112 940 1188 1003 αἱ
1210 936 1591 1017 κυνώπιδες
1618 939 1779 1007 θεαὶ

387 1035 973 1126 .τροχηλατήσουσ’
1015 1041 1274 1126 ἐμμανῆ
1302 1037 1763 1126 πλανώμενον.

417 1137 642 1209 ε’λθών
672 1138 738 1210 δ’
766 1137 1055 1227 Ἀθήνας
1082 1139 1437 1222 Παλλάδος
1464 1138 1714 1229 σεμνὸν
1739 1143 1978 1231 βρέτας
2042 1160 2047 1166 ’

413 1243 866 1332 πρόσπτυξον·
899 1246 1097 1332 εἴρξει
1125 1242 1255 1332 γάρ
1283 1269 1397 1314 νιν
1424 1246 1830 1332 ἐπτοημένας
2067 1262 2199 1316 1255

413 1349 660 1425 δεινοῖς
685 1345 1058 1435 δράκουσιν
1085 1341 1258 1414 ὥστε
1285 1343 1375 1434 μὴ
1404 1345 1653 1427 ψαύειν
1679 1349 1906 1434 σέθεν,

410 1445 715 1536 γοργῶφ’
748 1443 1238 1537 ὖπερτείνουσά
1266 1469 1391 1517 σου
1418 1447 1593 1540 κάρᾳ
1620 1447 1894 1519 κύκλον.

413 1555 596 1619 ἔστιν
627 1547 692 1618 δ’
714 1546 968 1640 ’Ἄρεώς
1003 1578 1104 1630 τις
1132 1547 1369 1638 ὄχθος,
1402 1541 1489 1619 οὗ
1517 1559 1785 1642 πρῶτον
1812 1553 1967 1622 θεοὶ

411 1649 619 1736 ἕζοντ’
653 1654 764 1722 ἐπὶ
793 1653 1124 1741 ψήφοισιν
1149 1657 1425 1740 αἵματος
1457 1655 1633 1743 πέρι,

401 1753 833 1845 Ἁλιρρόθιον
859 1751 960 1825 ὅτ’
995 1752 1220 1824 ἔκταν’
1256 1751 1835 1845 ώμόφρωνἍρης,
2068 1774 2199 1828 1260

409 1864 614 1946 μῆνιν
639 1854 982 1948 θυγατρὸς
1011 1854 1307 1926 ἀνοσίων
1334 1858 1858 1945 νυμφευμάτων,

410 1962 664 2030 πόντου
695 1963 1008 2052 κρέοντος
1037 1957 1253 2047 παῖδ’,
1282 1957 1379 2028 ἵν’
1414 1956 1853 2048 εὐσεβεστάτη

409 2070 636 2151 ψῆφος
663 2070 904 2151 βεβαιά
937 2059 999 2131 τ’
1031 2064 1215 2133 ἐστὶν
1245 2068 1319 2131 ἔκ
1354 2089 1431 2150 γε
1458 2069 1581 2131 τοῦ
1608 2072 1817 2142 θεοῖς.

411 2168 711 2234 ἐνταῦθα
740 2167 854 2235 καὶ
879 2165 954 2235 σὲ
981 2170 1093 2234 δεῖ
1114 2169 1399 2255 δραμεῖν
1428 2159 1653 2253 φόνου
1682 2166 1855 2256 πέρι.

413 2278 550 2337 ἴσαι
577 2270 660 2337 δέ
683 2265 746 2337 σ’
781 2266 1139 2351 ἐκσώζουσι
1169 2265 1260 2356 μὴ
1290 2277 1535 2337 θανεῖν
1562 2272 1719 2357 δίκῃ
2065 2283 2201 2340 1265

407 2378 627 2458 ψῆφοι
656 2381 957 2441 τεθεῖσαι
978 2393 991 2407 ·
1029 2373 1272 2453 Λοξίας
1300 2367 1429 2461 γὰρ
1460 2376 1683 2439 αἰτίαν

411 2479 503 2555 εἰς
533 2469 744 2543 αὑτὸν
769 2482 938 2543 οἴσει
955 2524 974 2561 ,
1002 2475 1283 2562 μητέρος
1307 2470 1555 2561 χρήσας
1583 2470 1821 2560 φόνον.

408 2577 522 2644 καὶ
549 2590 718 2646 τοῖσι
746 2584 1001 2656 λοιποῖς
1029 2571 1146 2645 ὅδε
1174 2574 1378 2662 νόμος
1406 2574 1782 2661 τεθήσεται,

406 2686 607 2748 νικᾶν
635 2689 808 2760 ἴσαις
835 2677 1122 2766 ψήφοισι
1155 2674 1275 2746 τὸν
1308 2674 1627 2765 φεύγοντ’
1662 2672 1787 2745 ἀεί.

408 2783 628 2851 δειναὶ
652 2783 778 2870 μὲν
807 2771 936 2850 οὖν
963 2782 1122 2850 θεαὶ
1152 2776 1316 2871 τῷδ’
1350 2776 1493 2867 ἄχει
1521 2780 1981 2868 πεπληγμέναι
2058 2794 2193 2849 1270

407 2883 629 2971 πάγον
655 2880 818 2974 παρ’
853 2878 1064 2952 αὐτὸν
1091 2882 1308 2971 χάσμα
1338 2882 1657 2953 δύσονται
1690 2880 1960 2969 χθονός,

406 2985 657 3074 σεμνὸν
683 2995 1032 3078 βροτοῖσιν
1061 2982 1333 3073 εὐσεβὲς
1359 2984 1779 3075 χρηστήριον.

407 3090 482 3159 σὲ
513 3086 578 3159 δ’
606 3087 954 3182 Ἀρκάδων
978 3086 1103 3179 χρὴ
1135 3087 1335 3158 πόλιν
1364 3083 1468 3157 ἐπ’
1502 3084 1819 3173 Ἀλφειοῦ
1850 3087 2036 3175 ῥοαῖς

405 3199 618 3262 οἰκεῖν
643 3200 954 3264 Λυκαίου
981 3198 1267 3280 πλησίον
1294 3188 1681 3278 σηκώματος
1699 3212 1714 3226 ·

405 3294 756 3385 ἐπώνυμος
793 3295 868 3365 δὲ
895 3300 1024 3364 σοῦ
1053 3293 1244 3374 πόλις
1275 3293 1685 3380 κεκλήσεται.
2056 3302 2189 3359 1275

401 3400 512 3467 σοὶ
539 3398 663 3486 μὲν
692 3396 842 3468 τάδ’
885 3394 1107 3467 εἶπον·
1139 3394 1335 3467 τόνδε
1366 3391 1433 3464 δ’
1464 3403 1810 3485 Αἰγίσθου
1838 3392 2047 3462 νέκυν

383 3496 680 3588 Ἀργους
712 3508 976 3572 πολῖται
1004 3506 1127 3587 γῆς
1154 3497 1577 3579 καλύψουσιν
1605 3498 1817 3589 τάφῳ.
