<?xml version="1.0" encoding="UTF-8"?>
<!DOCTYPE html PUBLIC "-//W3C//DTD XHTML 1.0 Transitional//EN"
    "http://www.w3.org/TR/xhtml1/DTD/xhtml1-transitional.dtd">
<html xmlns="http://www.w3.org/1999/xhtml" xml:lang="en" lang="en">
 <head>
  <title>
</title>
<meta http-equiv="Content-Type" content="text/html;charset=utf-8" />
  <meta name='ocr-system' content='tesseract 3.04.00' />
  <meta name='ocr-capabilities' content='ocr_page ocr_carea ocr_par ocr_line ocrx_word'/>
</head>
<body>
  <div class='ocr_page' id='page_1' title='image "./evripidistragoe03eurigoog/evripidistragoe03eurigoog_0256.png"; bbox 0 0 2492 3900; ppageno 0'>
   <div class='ocr_carea' id='block_1_1' title="bbox 336 176 458 241">
    <p class='ocr_par' dir='ltr' id='par_1_1' title="bbox 336 176 458 241">
     <span class='ocr_line' id='line_1_1' title="bbox 336 176 458 241; baseline 0 0"><span class='ocrx_word' id='word_1_1' title='bbox 336 176 458 241; x_wconf 79' lang='lat'><strong><em>148</em></strong></span> 
     </span>
    </p>
   </div>
   <div class='ocr_carea' id='block_1_2' title="bbox 335 358 479 519">
    <p class='ocr_par' dir='ltr' id='par_1_2' title="bbox 335 358 479 519">
     <span class='ocr_line' id='line_1_2' title="bbox 335 358 474 419; baseline -0.014 0"><span class='ocrx_word' id='word_1_2' title='bbox 335 358 474 419; x_wconf 87' lang='grc' dir='ltr'><strong><em>ΕΚ.</em></strong></span> 
     </span>
     <span class='ocr_line' id='line_1_3' title="bbox 338 460 479 519; baseline -0.014 0"><span class='ocrx_word' id='word_1_3' title='bbox 338 460 479 519; x_wconf 89' lang='grc' dir='ltr'><strong><em>ΟΛ.</em></strong></span> 
     </span>
    </p>
   </div>
   <div class='ocr_carea' id='block_1_3' title="bbox 1187 182 1483 242">
    <p class='ocr_par' dir='ltr' id='par_1_3' title="bbox 1187 182 1483 242">
     <span class='ocr_line' id='line_1_4' title="bbox 1187 182 1483 242; baseline 0 -3"><span class='ocrx_word' id='word_1_4' title='bbox 1187 182 1483 242; x_wconf 61' lang='grc' dir='ltr'><strong><em>ΕΚΑΒΗ</em></strong></span> 
     </span>
    </p>
   </div>
   <div class='ocr_carea' id='block_1_4' title="bbox 556 343 2081 541">
    <p class='ocr_par' dir='ltr' id='par_1_4' title="bbox 556 343 2081 541">
     <span class='ocr_line' id='line_1_5' title="bbox 559 343 1840 437; baseline 0.002 -20"><span class='ocrx_word' id='word_1_5' title='bbox 559 356 630 417; x_wconf 88' lang='grc' dir='ltr'><strong><em>τί</em></strong></span> <span class='ocrx_word' id='word_1_6' title='bbox 651 345 797 436; x_wconf 86' lang='grc' dir='ltr'><strong><em>δῆτ’</em></strong></span> <span class='ocrx_word' id='word_1_7' title='bbox 830 351 1052 431; x_wconf 79' lang='grc' dir='ltr'><strong><em>ἔλεξας</em></strong></span> <span class='ocrx_word' id='word_1_8' title='bbox 1081 353 1321 429; x_wconf 90' lang='grc' dir='ltr'><strong><em>δοῦλος</em></strong></span> <span class='ocrx_word' id='word_1_9' title='bbox 1350 343 1447 417; x_wconf 68' lang='grc' dir='ltr'><strong><em>ὢν</em></strong></span> <span class='ocrx_word' id='word_1_10' title='bbox 1476 348 1631 437; x_wconf 81' lang='grc' dir='ltr'><strong><em>ἐμὸς</em></strong></span> <span class='ocrx_word' id='word_1_11' title='bbox 1660 350 1840 434; x_wconf 82' lang='grc' dir='ltr'><strong><em>τότε;</em></strong></span> 
     </span>
     <span class='ocr_line' id='line_1_6' title="bbox 556 446 2081 541; baseline 0.003 -21"><span class='ocrx_word' id='word_1_12' title='bbox 556 457 824 520; x_wconf 73' lang='grc' dir='ltr'><strong><em>πολλῶν</em></strong></span> <span class='ocrx_word' id='word_1_13' title='bbox 851 450 1072 538; x_wconf 90' lang='grc' dir='ltr'><strong><em>λόγων</em></strong></span> <span class='ocrx_word' id='word_1_14' title='bbox 1107 446 1468 539; x_wconf 82' lang='grc' dir='ltr'><strong><em>εὖρήμαθ’,</em></strong></span> <span class='ocrx_word' id='word_1_15' title='bbox 1499 448 1669 521; x_wconf 69' lang='grc' dir='ltr'><strong><em>ὥστε</em></strong></span> <span class='ocrx_word' id='word_1_16' title='bbox 1695 452 1786 541; x_wconf 84' lang='grc' dir='ltr'><strong><em>μὴ</em></strong></span> <span class='ocrx_word' id='word_1_17' title='bbox 1816 464 2081 524; x_wconf 88' lang='grc' dir='ltr'><strong><em>θανεῖν.</em></strong></span> 
     </span>
    </p>
   </div>
   <div class='ocr_carea' id='block_1_5' title="bbox 335 550 1850 641">
    <p class='ocr_par' dir='ltr' id='par_1_5' title="bbox 335 550 1850 641">
     <span class='ocr_line' id='line_1_7' title="bbox 335 550 1850 641; baseline 0.002 -18"><span class='ocrx_word' id='word_1_18' title='bbox 335 561 476 623; x_wconf 89' lang='grc' dir='ltr'><strong><em>ΕΚ.</em></strong></span> <span class='ocrx_word' id='word_1_19' title='bbox 563 559 779 622; x_wconf 80' lang='grc' dir='ltr'><strong><em>ἔσωσα</em></strong></span> <span class='ocrx_word' id='word_1_20' title='bbox 808 552 977 640; x_wconf 85' lang='grc' dir='ltr'><strong><em>δῆτά</em></strong></span> <span class='ocrx_word' id='word_1_21' title='bbox 1005 550 1066 619; x_wconf 86' lang='grc' dir='ltr'><strong><em>σ’</em></strong></span> <span class='ocrx_word' id='word_1_22' title='bbox 1103 552 1436 639; x_wconf 79' lang='grc' dir='ltr'><strong><em>ἐξέπεμψά</em></strong></span> <span class='ocrx_word' id='word_1_23' title='bbox 1465 580 1535 621; x_wconf 88' lang='grc' dir='ltr'><strong><em>τε</em></strong></span> <span class='ocrx_word' id='word_1_24' title='bbox 1565 555 1850 641; x_wconf 91' lang='grc' dir='ltr'><strong><em>χθονός,</em></strong></span> <span class='ocrx_word' id='word_1_25' title='bbox 1834 586 1849 601; x_wconf 90' lang='grc'><em>·</em></span> 
     </span>
    </p>
   </div>
   <div class='ocr_carea' id='block_1_6' title="bbox 337 663 478 825">
    <p class='ocr_par' dir='ltr' id='par_1_6' title="bbox 337 663 478 825">
     <span class='ocr_line' id='line_1_8' title="bbox 337 663 478 722; baseline 0 0"><span class='ocrx_word' id='word_1_26' title='bbox 337 663 478 722; x_wconf 89' lang='grc' dir='ltr'><strong><em>ΟΛ.</em></strong></span> 
     </span>
     <span class='ocr_line' id='line_1_9' title="bbox 337 765 472 825; baseline 0 0"><span class='ocrx_word' id='word_1_27' title='bbox 337 765 472 825; x_wconf 87' lang='grc' dir='ltr'><strong><em>ΕΚ.</em></strong></span> 
     </span>
    </p>
   </div>
   <div class='ocr_carea' id='block_1_7' title="bbox 553 651 2357 3589">
    <p class='ocr_par' dir='ltr' id='par_1_7' title="bbox 555 651 2357 843">
     <span class='ocr_line' id='line_1_10' title="bbox 555 651 2357 743; baseline 0.005 -20"><span class='ocrx_word' id='word_1_28' title='bbox 555 651 711 723; x_wconf 88' lang='grc' dir='ltr'><strong><em>ωστ’</em></strong></span> <span class='ocrx_word' id='word_1_29' title='bbox 746 660 1017 743; x_wconf 81' lang='grc' dir='ltr'><strong><em>εἰσορᾶν</em></strong></span> <span class='ocrx_word' id='word_1_30' title='bbox 1048 683 1126 741; x_wconf 88' lang='grc' dir='ltr'><strong><em>γε</em></strong></span> <span class='ocrx_word' id='word_1_31' title='bbox 1160 656 1409 741; x_wconf 82' lang='grc' dir='ltr'><strong><em>φέγγος</em></strong></span> <span class='ocrx_word' id='word_1_32' title='bbox 1434 652 1633 742; x_wconf 81' lang='grc' dir='ltr'><strong><em>ἡλίου</em></strong></span> <span class='ocrx_word' id='word_1_33' title='bbox 1661 656 1834 726; x_wconf 89' lang='grc' dir='ltr'><strong><em>τόδε.</em></strong></span> <span class='ocrx_word' id='word_1_34' title='bbox 2251 680 2357 732; x_wconf 80' lang='grc'><strong><em>250</em></strong></span> 
     </span>
     <span class='ocr_line' id='line_1_11' title="bbox 555 753 2065 881; baseline -0.001 -56"><span class='ocrx_word' id='word_1_35' title='bbox 555 753 814 825; x_wconf 78' lang='grc' dir='ltr'><strong><em>οὔκουν</em></strong></span> <span class='ocrx_word' id='word_1_36' title='bbox 843 754 1123 825; x_wconf 84' lang='grc' dir='ltr'><strong><em>κακύνει</em></strong></span> <span class='ocrx_word' id='word_1_37' title='bbox 1155 758 1376 823; x_wconf 88' lang='grc' dir='ltr'><strong><em>τοῖσδε</em></strong></span> <span class='ocrx_word' id='word_1_38' title='bbox 1412 768 1549 835; x_wconf 89' lang='grc' dir='ltr'><strong><em>τοῖς</em></strong></span> <span class='ocrx_word' id='word_1_39' title='bbox 1583 756 2065 881; x_wconf 77' lang='grc' dir='ltr'><strong><em>βουλεύμασιν,</em></strong></span> 
     </span>
    </p>

    <p class='ocr_par' dir='ltr' id='par_1_8' title="bbox 561 853 1946 947">
     <span class='ocr_line' id='line_1_12' title="bbox 561 853 1946 947; baseline 0.001 -20"><span class='ocrx_word' id='word_1_40' title='bbox 561 854 635 937; x_wconf 76' lang='grc' dir='ltr'><strong><em>ὃς</em></strong></span> <span class='ocrx_word' id='word_1_41' title='bbox 663 860 729 939; x_wconf 82' lang='grc' dir='ltr'><strong><em>ἐξ</em></strong></span> <span class='ocrx_word' id='word_1_42' title='bbox 758 860 923 944; x_wconf 83' lang='grc' dir='ltr'><strong><em>ἐμοῦ</em></strong></span> <span class='ocrx_word' id='word_1_43' title='bbox 950 856 1074 944; x_wconf 89' lang='grc' dir='ltr'><strong><em>μεν</em></strong></span> <span class='ocrx_word' id='word_1_44' title='bbox 1101 863 1351 937; x_wconf 80' lang='grc' dir='ltr'><strong><em>ἔπαθες</em></strong></span> <span class='ocrx_word' id='word_1_45' title='bbox 1378 853 1486 927; x_wconf 85' lang='grc' dir='ltr'><strong><em>οἶα</em></strong></span> <span class='ocrx_word' id='word_1_46' title='bbox 1515 857 1647 946; x_wconf 85' lang='grc' dir='ltr'><strong><em>φὴς</em></strong></span> <span class='ocrx_word' id='word_1_47' title='bbox 1674 870 1946 947; x_wconf 88' lang='grc' dir='ltr'><strong><em>παθεῖν,</em></strong></span> 
     </span>
    </p>

    <p class='ocr_par' dir='ltr' id='par_1_9' title="bbox 559 950 2351 1355">
     <span class='ocr_line' id='line_1_13' title="bbox 561 950 2188 1053; baseline 0.003 -24"><span class='ocrx_word' id='word_1_48' title='bbox 561 966 726 1050; x_wconf 79' lang='grc' dir='ltr'><strong><em>δρᾷς</em></strong></span> <span class='ocrx_word' id='word_1_49' title='bbox 753 955 819 1027; x_wconf 90' lang='grc' dir='ltr'><strong><em>δ’</em></strong></span> <span class='ocrx_word' id='word_1_50' title='bbox 854 955 1121 1027; x_wconf 58' lang='grc' dir='ltr'><strong><em>οὐδὲνε</em></strong></span> <span class='ocrx_word' id='word_1_51' title='bbox 1088 966 1256 1047; x_wconf 83' lang='grc' dir='ltr'><strong><em>ημᾶς</em></strong></span> <span class='ocrx_word' id='word_1_52' title='bbox 1286 950 1399 1045; x_wconf 80' lang='grc' dir='ltr'><strong><em>εὖ,</em></strong></span> <span class='ocrx_word' id='word_1_53' title='bbox 1433 967 1654 1040; x_wconf 79' lang='grc' dir='ltr'><strong><em>κακῶς</em></strong></span> <span class='ocrx_word' id='word_1_54' title='bbox 1681 959 1747 1029; x_wconf 87' lang='grc' dir='ltr'><strong><em>δ’</em></strong></span> <span class='ocrx_word' id='word_1_55' title='bbox 1782 957 1946 1033; x_wconf 81' lang='grc' dir='ltr'><strong><em>ὅσον</em></strong></span> <span class='ocrx_word' id='word_1_56' title='bbox 1975 963 2188 1053; x_wconf 81' lang='grc' dir='ltr'><strong><em>δύνῃ;</em></strong></span> 
     </span>
     <span class='ocr_line' id='line_1_14' title="bbox 559 1057 2067 1153; baseline 0.003 -24"><span class='ocrx_word' id='word_1_57' title='bbox 559 1058 918 1152; x_wconf 80' lang='grc' dir='ltr'><strong><em>ἀχάριστον</em></strong></span> <span class='ocrx_word' id='word_1_58' title='bbox 947 1057 1142 1148; x_wconf 77' lang='grc' dir='ltr'><strong><em>ὑμῶν</em></strong></span> <span class='ocrx_word' id='word_1_59' title='bbox 1169 1058 1436 1149; x_wconf 84' lang='grc' dir='ltr'><strong><em>σπέρμ’,</em></strong></span> <span class='ocrx_word' id='word_1_60' title='bbox 1467 1059 1613 1131; x_wconf 90' lang='grc' dir='ltr'><strong><em>οσοι</em></strong></span> <span class='ocrx_word' id='word_1_61' title='bbox 1644 1064 2067 1153; x_wconf 78' lang='grc' dir='ltr'><strong><em>δημηγόρους</em></strong></span> 
     </span>
     <span class='ocr_line' id='line_1_15' title="bbox 562 1162 2351 1253; baseline 0.004 -22"><span class='ocrx_word' id='word_1_62' title='bbox 562 1169 836 1251; x_wconf 79' lang='grc' dir='ltr'><strong><em>ζηλοῦτε</em></strong></span> <span class='ocrx_word' id='word_1_63' title='bbox 862 1162 1082 1250; x_wconf 88' lang='grc' dir='ltr'><strong><em>τιμάς·</em></strong></span> <span class='ocrx_word' id='word_1_64' title='bbox 1119 1167 1255 1249; x_wconf 86' lang='grc' dir='ltr'><strong><em>μηδ</em></strong></span> <span class='ocrx_word' id='word_1_65' title='bbox 1259 1162 1289 1231; x_wconf 71' lang='grc' dir='ltr'><strong>ὲ</strong></span> <span class='ocrx_word' id='word_1_66' title='bbox 1316 1163 1812 1250; x_wconf 75' lang='grc' dir='ltr'><strong><em>γιγνώσκοισθέ</em></strong></span> <span class='ocrx_word' id='word_1_67' title='bbox 1834 1192 1967 1253; x_wconf 88' lang='grc' dir='ltr'><strong><em>μοι,</em></strong></span> <span class='ocrx_word' id='word_1_68' title='bbox 2247 1186 2351 1238; x_wconf 83' lang='lat'><strong><em>255</em></strong></span> 
     </span>
     <span class='ocr_line' id='line_1_16' title="bbox 560 1262 2070 1355; baseline 0.002 -21"><span class='ocrx_word' id='word_1_69' title='bbox 560 1272 630 1334; x_wconf 80' lang='grc' dir='ltr'><strong><em>οἳ</em></strong></span> <span class='ocrx_word' id='word_1_70' title='bbox 651 1262 809 1345; x_wconf 84' lang='grc' dir='ltr'><strong><em>τοῦς</em></strong></span> <span class='ocrx_word' id='word_1_71' title='bbox 838 1270 1080 1351; x_wconf 86' lang='grc' dir='ltr'><strong><em>φίλους</em></strong></span> <span class='ocrx_word' id='word_1_72' title='bbox 1108 1263 1515 1351; x_wconf 78' lang='grc' dir='ltr'><strong><em>βλάπτοντες</em></strong></span> <span class='ocrx_word' id='word_1_73' title='bbox 1546 1262 1631 1334; x_wconf 80' lang='grc' dir='ltr'><strong><em>οὐ</em></strong></span> <span class='ocrx_word' id='word_1_74' title='bbox 1664 1275 2070 1355; x_wconf 80' lang='grc' dir='ltr'><strong><em>φροντίζετε,</em></strong></span> 
     </span>
    </p>

    <p class='ocr_par' dir='ltr' id='par_1_10' title="bbox 562 1360 1937 1456">
     <span class='ocr_line' id='line_1_17' title="bbox 562 1360 1937 1456; baseline 0.001 -22"><span class='ocrx_word' id='word_1_75' title='bbox 562 1360 649 1453; x_wconf 80' lang='grc' dir='ltr'><strong><em>ἢν</em></strong></span> <span class='ocrx_word' id='word_1_76' title='bbox 678 1381 850 1435; x_wconf 90' lang='grc' dir='ltr'><strong><em>τοῖσι</em></strong></span> <span class='ocrx_word' id='word_1_77' title='bbox 880 1374 1149 1447; x_wconf 76' lang='grc' dir='ltr'><strong><em>πολλοῖς</em></strong></span> <span class='ocrx_word' id='word_1_78' title='bbox 1176 1364 1344 1454; x_wconf 84' lang='grc' dir='ltr'><strong><em>πρὸς</em></strong></span> <span class='ocrx_word' id='word_1_79' title='bbox 1369 1368 1564 1456; x_wconf 82' lang='grc' dir='ltr'><strong><em>χάριν</em></strong></span> <span class='ocrx_word' id='word_1_80' title='bbox 1594 1370 1832 1455; x_wconf 76' lang='grc' dir='ltr'><strong><em>λέγητέ</em></strong></span> <span class='ocrx_word' id='word_1_81' title='bbox 1854 1396 1937 1437; x_wconf 91' lang='grc' dir='ltr'><strong><em>τι.</em></strong></span> 
     </span>
    </p>

    <p class='ocr_par' dir='ltr' id='par_1_11' title="bbox 563 1464 1885 1557">
     <span class='ocr_line' id='line_1_18' title="bbox 563 1464 1885 1557; baseline 0.004 -23"><span class='ocrx_word' id='word_1_82' title='bbox 563 1464 730 1555; x_wconf 81' lang='grc' dir='ltr'><strong><em>άτάρ</em></strong></span> <span class='ocrx_word' id='word_1_83' title='bbox 758 1474 830 1535; x_wconf 92' lang='grc' dir='ltr'><strong><em>τί</em></strong></span> <span class='ocrx_word' id='word_1_84' title='bbox 850 1466 935 1553; x_wconf 86' lang='grc' dir='ltr'><strong><em>δὴ</em></strong></span> <span class='ocrx_word' id='word_1_85' title='bbox 966 1468 1264 1556; x_wconf 83' lang='grc' dir='ltr'><strong><em>σόφισμα</em></strong></span> <span class='ocrx_word' id='word_1_86' title='bbox 1287 1465 1488 1537; x_wconf 87' lang='grc' dir='ltr'><strong><em>τοῦθ’</em></strong></span> <span class='ocrx_word' id='word_1_87' title='bbox 1520 1465 1885 1557; x_wconf 82' lang='grc' dir='ltr'><strong><em>ἡγούμενοι</em></strong></span> 
     </span>
    </p>

    <p class='ocr_par' dir='ltr' id='par_1_12' title="bbox 564 1566 1951 1661">
     <span class='ocr_line' id='line_1_19' title="bbox 564 1566 1951 1661; baseline 0.004 -25"><span class='ocrx_word' id='word_1_88' title='bbox 564 1576 656 1649; x_wconf 84' lang='grc' dir='ltr'><strong><em>εἰς</em></strong></span> <span class='ocrx_word' id='word_1_89' title='bbox 683 1568 886 1656; x_wconf 86' lang='grc' dir='ltr'><strong><em>τήνδε</em></strong></span> <span class='ocrx_word' id='word_1_90' title='bbox 912 1574 1119 1638; x_wconf 89' lang='grc' dir='ltr'><strong><em>παῖδα</em></strong></span> <span class='ocrx_word' id='word_1_91' title='bbox 1148 1575 1384 1657; x_wconf 82' lang='grc' dir='ltr'><strong><em>ψῆφον</em></strong></span> <span class='ocrx_word' id='word_1_92' title='bbox 1414 1566 1668 1658; x_wconf 73' lang='grc' dir='ltr'><strong><em>ὥρισαν</em></strong></span> <span class='ocrx_word' id='word_1_93' title='bbox 1695 1571 1951 1661; x_wconf 89' lang='grc' dir='ltr'><strong><em>φόνου,</em></strong></span> <span class='ocrx_word' id='word_1_94' title='bbox 1934 1604 1951 1618; x_wconf 90' lang='grc'><em>·</em></span> 
     </span>
    </p>

    <p class='ocr_par' dir='ltr' id='par_1_13' title="bbox 561 1667 2349 1863">
     <span class='ocr_line' id='line_1_20' title="bbox 563 1667 2349 1762; baseline 0.002 -23"><span class='ocrx_word' id='word_1_95' title='bbox 563 1670 810 1759; x_wconf 89' lang='grc' dir='ltr'><strong><em>πότερα</em></strong></span> <span class='ocrx_word' id='word_1_96' title='bbox 836 1667 909 1739; x_wconf 80' lang='grc' dir='ltr'><strong><em>τὸ</em></strong></span> <span class='ocrx_word' id='word_1_97' title='bbox 937 1677 1108 1759; x_wconf 83' lang='grc' dir='ltr'><strong><em>χρῆν</em></strong></span> <span class='ocrx_word' id='word_1_98' title='bbox 1135 1669 1256 1759; x_wconf 87' lang='grc' dir='ltr'><strong><em>σφ’</em></strong></span> <span class='ocrx_word' id='word_1_99' title='bbox 1289 1668 1569 1759; x_wconf 80' lang='grc' dir='ltr'><strong><em>ἐπήγαγ’</em></strong></span> <span class='ocrx_word' id='word_1_100' title='bbox 1603 1670 2225 1762; x_wconf 86' lang='grc' dir='ltr'><strong><em>άνθρωποσφαγεῖν</em></strong></span> <span class='ocrx_word' id='word_1_101' title='bbox 2244 1692 2349 1745; x_wconf 88' lang='grc'><strong><em>260</em></strong></span> 
     </span>
     <span class='ocr_line' id='line_1_21' title="bbox 561 1770 2227 1863; baseline 0.002 -21"><span class='ocrx_word' id='word_1_102' title='bbox 561 1770 727 1861; x_wconf 86' lang='grc' dir='ltr'><strong><em>πρὸς</em></strong></span> <span class='ocrx_word' id='word_1_103' title='bbox 758 1772 1038 1859; x_wconf 87' lang='grc' dir='ltr'><strong><em>τύμβον,</em></strong></span> <span class='ocrx_word' id='word_1_104' title='bbox 1069 1779 1240 1841; x_wconf 80' lang='grc' dir='ltr'><strong><em>ἔνθα</em></strong></span> <span class='ocrx_word' id='word_1_105' title='bbox 1269 1780 1643 1860; x_wconf 76' lang='grc' dir='ltr'><strong><em>βουθυτεῖν</em></strong></span> <span class='ocrx_word' id='word_1_106' title='bbox 1667 1782 1921 1862; x_wconf 84' lang='grc' dir='ltr'><strong><em>μᾶλλον</em></strong></span> <span class='ocrx_word' id='word_1_107' title='bbox 1953 1778 2227 1863; x_wconf 84' lang='grc' dir='ltr'><strong><em>πρέπει;</em></strong></span> 
     </span>
    </p>

    <p class='ocr_par' dir='ltr' id='par_1_14' title="bbox 560 1868 1969 1964">
     <span class='ocr_line' id='line_1_22' title="bbox 560 1868 1969 1964; baseline 0.002 -21"><span class='ocrx_word' id='word_1_108' title='bbox 560 1868 605 1964; x_wconf 79' lang='grc' dir='ltr'><strong><em>ἢ</em></strong></span> <span class='ocrx_word' id='word_1_109' title='bbox 631 1900 788 1956; x_wconf 90' lang='grc' dir='ltr'><strong><em>τους</em></strong></span> <span class='ocrx_word' id='word_1_110' title='bbox 815 1873 1177 1955; x_wconf 78' lang='grc' dir='ltr'><strong><em>κτανόντας</em></strong></span> <span class='ocrx_word' id='word_1_111' title='bbox 1205 1871 1716 1944; x_wconf 80' lang='grc' dir='ltr'><strong><em>ἀνταποκτεῖναι</em></strong></span> <span class='ocrx_word' id='word_1_112' title='bbox 1742 1879 1969 1946; x_wconf 81' lang='grc' dir='ltr'><strong><em>θέλων</em></strong></span> 
     </span>
    </p>

    <p class='ocr_par' dir='ltr' id='par_1_15' title="bbox 565 1974 2064 2067">
     <span class='ocr_line' id='line_1_23' title="bbox 565 1974 2064 2067; baseline 0.001 -21"><span class='ocrx_word' id='word_1_113' title='bbox 565 1985 659 2058; x_wconf 79' lang='grc' dir='ltr'><strong><em>εἰς</em></strong></span> <span class='ocrx_word' id='word_1_114' title='bbox 687 1974 879 2065; x_wconf 87' lang='grc' dir='ltr'><strong><em>τήνδ’</em></strong></span> <span class='ocrx_word' id='word_1_115' title='bbox 906 1975 1243 2064; x_wconf 79' lang='grc' dir='ltr'><strong><em>Ἀχιλλεῦς</em></strong></span> <span class='ocrx_word' id='word_1_116' title='bbox 1272 1981 1552 2059; x_wconf 85' lang='grc' dir='ltr'><strong><em>ἐνδίκως</em></strong></span> <span class='ocrx_word' id='word_1_117' title='bbox 1581 1985 1786 2048; x_wconf 85' lang='grc' dir='ltr'><strong><em>τείνει</em></strong></span> <span class='ocrx_word' id='word_1_118' title='bbox 1813 1979 2064 2067; x_wconf 72' lang='grc' dir='ltr'><strong><em>φόνους</em></strong></span> 
     </span>
    </p>

    <p class='ocr_par' dir='ltr' id='par_1_16' title="bbox 553 2075 2347 2371">
     <span class='ocr_line' id='line_1_24' title="bbox 562 2075 2185 2168; baseline 0 -20"><span class='ocrx_word' id='word_1_119' title='bbox 562 2077 710 2148; x_wconf 76' lang='grc' dir='ltr'><strong><em>ἀλλ’</em></strong></span> <span class='ocrx_word' id='word_1_120' title='bbox 744 2077 948 2148; x_wconf 75' lang='grc' dir='ltr'><strong><em>οὐδὲν</em></strong></span> <span class='ocrx_word' id='word_1_121' title='bbox 978 2077 1187 2148; x_wconf 84' lang='grc' dir='ltr'><strong><em>αὐτὸν</em></strong></span> <span class='ocrx_word' id='word_1_122' title='bbox 1215 2075 1339 2165; x_wconf 90' lang='grc' dir='ltr'><strong><em>ηδε</em></strong></span> <span class='ocrx_word' id='word_1_123' title='bbox 1367 2076 1432 2167; x_wconf 88' lang='grc' dir='ltr'><strong><em>γ’</em></strong></span> <span class='ocrx_word' id='word_1_124' title='bbox 1468 2089 1808 2168; x_wconf 78' lang='grc' dir='ltr'><strong><em>εἴργασται</em></strong></span> <span class='ocrx_word' id='word_1_125' title='bbox 1836 2081 2066 2150; x_wconf 86' lang='grc' dir='ltr'><strong><em>κακόν.</em></strong></span> <span class='ocrx_word' id='word_1_126' title='bbox 2178 2115 2185 2122; x_wconf 92' lang='grc'><em>·</em></span> 
     </span>
     <span class='ocr_line' id='line_1_25' title="bbox 553 2178 2347 2273; baseline 0.003 -25"><span class='ocrx_word' id='word_1_127' title='bbox 553 2178 826 2267; x_wconf 81' lang='grc' dir='ltr'><strong><em>Ἑλένην</em></strong></span> <span class='ocrx_word' id='word_1_128' title='bbox 853 2208 964 2249; x_wconf 90' lang='grc' dir='ltr'><strong><em>νιν</em></strong></span> <span class='ocrx_word' id='word_1_129' title='bbox 993 2187 1204 2249; x_wconf 80' lang='grc' dir='ltr'><strong><em>αἰτεῖν</em></strong></span> <span class='ocrx_word' id='word_1_130' title='bbox 1232 2188 1403 2269; x_wconf 84' lang='grc' dir='ltr'><strong><em>χρῆν</em></strong></span> <span class='ocrx_word' id='word_1_131' title='bbox 1429 2180 1620 2273; x_wconf 75' lang='grc' dir='ltr'><strong><em>τάφῳ</em></strong></span> <span class='ocrx_word' id='word_1_132' title='bbox 1649 2183 2136 2270; x_wconf 86' lang='grc' dir='ltr'><strong><em>προσφάγματα</em></strong></span> <span class='ocrx_word' id='word_1_133' title='bbox 2153 2207 2167 2220; x_wconf 87' lang='grc'><em>·</em></span> <span class='ocrx_word' id='word_1_134' title='bbox 2245 2200 2347 2254; x_wconf 80' lang='grc'><strong><em>265</em></strong></span> 
     </span>
     <span class='ocr_line' id='line_1_26' title="bbox 565 2278 2036 2371; baseline 0 -21"><span class='ocrx_word' id='word_1_135' title='bbox 565 2288 755 2368; x_wconf 87' lang='grc' dir='ltr'><strong><em>κείνη</em></strong></span> <span class='ocrx_word' id='word_1_136' title='bbox 786 2278 915 2367; x_wconf 79' lang='grc' dir='ltr'><strong><em>γὰρ</em></strong></span> <span class='ocrx_word' id='word_1_137' title='bbox 948 2279 1198 2350; x_wconf 72' lang='grc' dir='ltr'><strong><em>ὤλεσέν</em></strong></span> <span class='ocrx_word' id='word_1_138' title='bbox 1225 2310 1339 2350; x_wconf 89' lang='grc' dir='ltr'><strong><em>νιν</em></strong></span> <span class='ocrx_word' id='word_1_139' title='bbox 1368 2288 1461 2362; x_wconf 87' lang='grc' dir='ltr'><strong><em>είς</em></strong></span> <span class='ocrx_word' id='word_1_140' title='bbox 1498 2289 1748 2371; x_wconf 89' lang='grc' dir='ltr'><strong><em>Τροίαν</em></strong></span> <span class='ocrx_word' id='word_1_141' title='bbox 1775 2281 1833 2351; x_wconf 92' lang='grc' dir='ltr'><strong><em>τ’</em></strong></span> <span class='ocrx_word' id='word_1_142' title='bbox 1869 2282 2036 2371; x_wconf 70' lang='grc' dir='ltr'><strong><em>ἄγει.</em></strong></span> 
     </span>
    </p>

    <p class='ocr_par' dir='ltr' id='par_1_17' title="bbox 563 2378 2115 2573">
     <span class='ocr_line' id='line_1_27' title="bbox 566 2378 2115 2472; baseline 0.002 -21"><span class='ocrx_word' id='word_1_143' title='bbox 566 2389 630 2451; x_wconf 88' lang='grc' dir='ltr'><strong><em>εί</em></strong></span> <span class='ocrx_word' id='word_1_144' title='bbox 652 2378 719 2450; x_wconf 88' lang='grc' dir='ltr'><strong><em>δ’</em></strong></span> <span class='ocrx_word' id='word_1_145' title='bbox 755 2381 1190 2469; x_wconf 77' lang='grc' dir='ltr'><strong><em>αἰχμαλώτων</em></strong></span> <span class='ocrx_word' id='word_1_146' title='bbox 1215 2383 1341 2471; x_wconf 81' lang='grc' dir='ltr'><strong><em>χρή</em></strong></span> <span class='ocrx_word' id='word_1_147' title='bbox 1370 2381 1502 2450; x_wconf 87' lang='grc' dir='ltr'><strong><em>τιν’</em></strong></span> <span class='ocrx_word' id='word_1_148' title='bbox 1535 2390 1845 2472; x_wconf 78' lang='grc' dir='ltr'><strong><em>ἔκκριτον</em></strong></span> <span class='ocrx_word' id='word_1_149' title='bbox 1871 2395 2115 2454; x_wconf 81' lang='grc' dir='ltr'><strong><em>θανεῖν</em></strong></span> 
     </span>
     <span class='ocr_line' id='line_1_28' title="bbox 563 2480 2078 2573; baseline 0.002 -21"><span class='ocrx_word' id='word_1_150' title='bbox 563 2483 792 2552; x_wconf 90' lang='grc' dir='ltr'><strong><em>κάλλει</em></strong></span> <span class='ocrx_word' id='word_1_151' title='bbox 819 2480 894 2552; x_wconf 88' lang='grc' dir='ltr'><strong><em>θ’</em></strong></span> <span class='ocrx_word' id='word_1_152' title='bbox 928 2480 1483 2573; x_wconf 79' lang='grc' dir='ltr'><strong><em>ὑπερφέρουσαν,</em></strong></span> <span class='ocrx_word' id='word_1_153' title='bbox 1520 2483 1647 2572; x_wconf 81' lang='grc' dir='ltr'><strong><em>οὐχ</em></strong></span> <span class='ocrx_word' id='word_1_154' title='bbox 1672 2483 1864 2573; x_wconf 74' lang='grc' dir='ltr'><strong><em>ἡμῶν</em></strong></span> <span class='ocrx_word' id='word_1_155' title='bbox 1892 2487 2047 2555; x_wconf 85' lang='grc' dir='ltr'><strong><em>τόδε</em></strong></span> <span class='ocrx_word' id='word_1_156' title='bbox 2064 2510 2078 2523; x_wconf 94' lang='grc'>·</span> 
     </span>
    </p>

    <p class='ocr_par' dir='ltr' id='par_1_18' title="bbox 562 2584 1890 2676">
     <span class='ocr_line' id='line_1_29' title="bbox 562 2584 1890 2676; baseline 0.002 -22"><span class='ocrx_word' id='word_1_157' title='bbox 562 2584 606 2674; x_wconf 75' lang='grc' dir='ltr'>ἡ</span> <span class='ocrx_word' id='word_1_158' title='bbox 643 2588 977 2672; x_wconf 84' lang='grc' dir='ltr'><strong><em>Τυνδαρὶς</em></strong></span> <span class='ocrx_word' id='word_1_159' title='bbox 1003 2584 1132 2676; x_wconf 80' lang='grc' dir='ltr'><strong><em>γὰρ</em></strong></span> <span class='ocrx_word' id='word_1_160' title='bbox 1163 2585 1340 2667; x_wconf 77' lang='grc' dir='ltr'><strong><em>εἶδος</em></strong></span> <span class='ocrx_word' id='word_1_161' title='bbox 1376 2587 1890 2675; x_wconf 84' lang='grc' dir='ltr'><strong><em>ἐκπρεπεστάτη,</em></strong></span> 
     </span>
    </p>

    <p class='ocr_par' dir='ltr' id='par_1_19' title="bbox 563 2679 2349 2881">
     <span class='ocr_line' id='line_1_30' title="bbox 563 2679 2349 2779; baseline 0.001 -23"><span class='ocrx_word' id='word_1_162' title='bbox 563 2685 896 2757; x_wconf 84' lang='grc' dir='ltr'><strong><em>άδικοῦσά</em></strong></span> <span class='ocrx_word' id='word_1_163' title='bbox 922 2685 999 2756; x_wconf 86' lang='grc' dir='ltr'><strong><em>θ’</em></strong></span> <span class='ocrx_word' id='word_1_164' title='bbox 1035 2685 1227 2776; x_wconf 74' lang='grc' dir='ltr'><strong><em>ἡμῶν</em></strong></span> <span class='ocrx_word' id='word_1_165' title='bbox 1256 2685 1461 2758; x_wconf 70' lang='grc' dir='ltr'><strong><em>οῦδὲν</em></strong></span> <span class='ocrx_word' id='word_1_166' title='bbox 1480 2679 1689 2776; x_wconf 75' lang='grc' dir='ltr'><strong><em>ᾖσσον</em></strong></span> <span class='ocrx_word' id='word_1_167' title='bbox 1708 2687 1992 2779; x_wconf 81' lang='grc' dir='ltr'><strong><em>ηὑρέθη.</em></strong></span> <span class='ocrx_word' id='word_1_168' title='bbox 2244 2707 2349 2760; x_wconf 85' lang='grc'><strong><em>270</em></strong></span> 
     </span>
     <span class='ocr_line' id='line_1_31' title="bbox 563 2786 1966 2881; baseline 0.001 -23"><span class='ocrx_word' id='word_1_169' title='bbox 563 2795 656 2880; x_wconf 76' lang='grc' dir='ltr'><strong><em>τῷ</em></strong></span> <span class='ocrx_word' id='word_1_170' title='bbox 683 2789 807 2876; x_wconf 75' lang='grc' dir='ltr'><strong><em>μὲν</em></strong></span> <span class='ocrx_word' id='word_1_171' title='bbox 836 2795 1075 2881; x_wconf 76' lang='grc' dir='ltr'><strong><em>δικαίῳ</em></strong></span> <span class='ocrx_word' id='word_1_172' title='bbox 1105 2786 1293 2858; x_wconf 83' lang='grc' dir='ltr'><strong><em>τόνδ’</em></strong></span> <span class='ocrx_word' id='word_1_173' title='bbox 1328 2787 1703 2878; x_wconf 80' lang='grc' dir='ltr'><strong><em>άμιλλῶμαι</em></strong></span> <span class='ocrx_word' id='word_1_174' title='bbox 1730 2791 1966 2880; x_wconf 90' lang='grc' dir='ltr'><strong><em>λόγον·</em></strong></span> 
     </span>
    </p>

    <p class='ocr_par' dir='ltr' id='par_1_20' title="bbox 553 2885 2020 3083">
     <span class='ocr_line' id='line_1_32' title="bbox 553 2885 2020 2981; baseline 0.002 -24"><span class='ocrx_word' id='word_1_175' title='bbox 553 2885 609 2957; x_wconf 68' lang='grc' dir='ltr'><em>ἃ</em></span> <span class='ocrx_word' id='word_1_176' title='bbox 636 2886 704 2958; x_wconf 86' lang='grc' dir='ltr'><strong><em>δ’</em></strong></span> <span class='ocrx_word' id='word_1_177' title='bbox 740 2887 1135 2959; x_wconf 87' lang='grc' dir='ltr'><strong><em>άντιδυῦναι</em></strong></span> <span class='ocrx_word' id='word_1_178' title='bbox 1164 2896 1277 2960; x_wconf 89' lang='grc' dir='ltr'><strong><em>δεῖ</em></strong></span> <span class='ocrx_word' id='word_1_179' title='bbox 1298 2889 1361 2959; x_wconf 86' lang='grc' dir='ltr'><strong><em>σ’</em></strong></span> <span class='ocrx_word' id='word_1_180' title='bbox 1396 2890 1804 2981; x_wconf 81' lang='grc' dir='ltr'><strong><em>ἀπαιτούσης</em></strong></span> <span class='ocrx_word' id='word_1_181' title='bbox 1832 2896 2020 2980; x_wconf 81' lang='grc' dir='ltr'><strong><em>ἐμοῦ,</em></strong></span> 
     </span>
     <span class='ocr_line' id='line_1_33' title="bbox 564 2987 1967 3083; baseline 0.004 -25"><span class='ocrx_word' id='word_1_182' title='bbox 564 2988 879 3060; x_wconf 72' lang='grc' dir='ltr'><strong><em>ἄκουσον.</em></strong></span> <span class='ocrx_word' id='word_1_183' title='bbox 919 2987 1072 3079; x_wconf 77' lang='grc' dir='ltr'><strong><em>ἥψω</em></strong></span> <span class='ocrx_word' id='word_1_184' title='bbox 1100 2998 1216 3080; x_wconf 82' lang='grc' dir='ltr'><strong><em>τῆς</em></strong></span> <span class='ocrx_word' id='word_1_185' title='bbox 1244 2996 1434 3081; x_wconf 77' lang='grc' dir='ltr'><strong><em>ἐμῆς,</em></strong></span> <span class='ocrx_word' id='word_1_186' title='bbox 1468 2990 1556 3075; x_wconf 73' lang='grc' dir='ltr'><strong><em>ὥς</em></strong></span> <span class='ocrx_word' id='word_1_187' title='bbox 1585 2995 1747 3083; x_wconf 82' lang='grc' dir='ltr'><strong><em>φής,</em></strong></span> <span class='ocrx_word' id='word_1_188' title='bbox 1775 2993 1967 3083; x_wconf 84' lang='grc' dir='ltr'><strong><em>χερὸς</em></strong></span> 
     </span>
    </p>

    <p class='ocr_par' dir='ltr' id='par_1_21' title="bbox 561 3094 2347 3387">
     <span class='ocr_line' id='line_1_34' title="bbox 565 3094 2017 3186; baseline 0.003 -26"><span class='ocrx_word' id='word_1_189' title='bbox 565 3094 679 3161; x_wconf 82' lang='grc' dir='ltr'><strong><em>καὶ</em></strong></span> <span class='ocrx_word' id='word_1_190' title='bbox 705 3099 905 3181; x_wconf 82' lang='grc' dir='ltr'><strong><em>τῆσδε</em></strong></span> <span class='ocrx_word' id='word_1_191' title='bbox 935 3103 1172 3182; x_wconf 88' lang='grc' dir='ltr'><strong><em>γραίας</em></strong></span> <span class='ocrx_word' id='word_1_192' title='bbox 1199 3102 1635 3184; x_wconf 86' lang='grc' dir='ltr'><strong><em>προσπίτνων</em></strong></span> <span class='ocrx_word' id='word_1_193' title='bbox 1662 3101 1987 3186; x_wconf 88' lang='grc' dir='ltr'><strong><em>παρηίδος</em></strong></span> <span class='ocrx_word' id='word_1_194' title='bbox 2003 3119 2017 3132; x_wconf 88' lang='grc'><em>·</em></span> 
     </span>
     <span class='ocr_line' id='line_1_35' title="bbox 565 3189 2347 3285; baseline 0.002 -24"><span class='ocrx_word' id='word_1_195' title='bbox 565 3189 1000 3284; x_wconf 87' lang='grc' dir='ltr'><strong><em>άνθάπτομαί</em></strong></span> <span class='ocrx_word' id='word_1_196' title='bbox 1019 3219 1145 3266; x_wconf 89' lang='grc' dir='ltr'><strong><em>σου</em></strong></span> <span class='ocrx_word' id='word_1_197' title='bbox 1172 3203 1389 3266; x_wconf 75' lang='grc' dir='ltr'><strong><em>τῶνδε</em></strong></span> <span class='ocrx_word' id='word_1_198' title='bbox 1415 3204 1553 3266; x_wconf 78' lang='grc' dir='ltr'><strong><em>τῶν</em></strong></span> <span class='ocrx_word' id='word_1_199' title='bbox 1576 3194 1805 3267; x_wconf 77' lang='grc' dir='ltr'><strong><em>αὐτῶν</em></strong></span> <span class='ocrx_word' id='word_1_200' title='bbox 1833 3195 1961 3285; x_wconf 71' lang='grc' dir='ltr'><strong><em>ἐγώ</em></strong></span> <span class='ocrx_word' id='word_1_201' title='bbox 2244 3209 2347 3264; x_wconf 78' lang='grc'><strong><em>275</em></strong></span> 
     </span>
     <span class='ocr_line' id='line_1_36' title="bbox 561 3293 2005 3387; baseline 0.003 -24"><span class='ocrx_word' id='word_1_202' title='bbox 561 3295 760 3386; x_wconf 85' lang='grc' dir='ltr'><strong><em>χάριν</em></strong></span> <span class='ocrx_word' id='word_1_203' title='bbox 785 3293 845 3364; x_wconf 86' lang='grc' dir='ltr'><strong><em>τ’</em></strong></span> <span class='ocrx_word' id='word_1_204' title='bbox 879 3295 1136 3368; x_wconf 78' lang='grc' dir='ltr'><strong><em>ἀπαιτῶ</em></strong></span> <span class='ocrx_word' id='word_1_205' title='bbox 1163 3297 1287 3387; x_wconf 76' lang='grc' dir='ltr'><strong><em>τὴν</em></strong></span> <span class='ocrx_word' id='word_1_206' title='bbox 1317 3297 1469 3368; x_wconf 87' lang='grc' dir='ltr'><strong><em>τόθ’</em></strong></span> <span class='ocrx_word' id='word_1_207' title='bbox 1504 3301 1780 3369; x_wconf 84' lang='grc' dir='ltr'><strong><em>ίκετεύω</em></strong></span> <span class='ocrx_word' id='word_1_208' title='bbox 1811 3302 1889 3368; x_wconf 84' lang='grc' dir='ltr'><strong><em>τέ</em></strong></span> <span class='ocrx_word' id='word_1_209' title='bbox 1909 3320 2005 3385; x_wconf 89' lang='grc' dir='ltr'><strong><em>σε,</em></strong></span> 
     </span>
    </p>

    <p class='ocr_par' dir='ltr' id='par_1_22' title="bbox 564 3396 1959 3490">
     <span class='ocr_line' id='line_1_37' title="bbox 564 3396 1959 3490; baseline 0.004 -25"><span class='ocrx_word' id='word_1_210' title='bbox 564 3396 656 3484; x_wconf 86' lang='grc' dir='ltr'><strong><em>μή</em></strong></span> <span class='ocrx_word' id='word_1_211' title='bbox 681 3425 813 3485; x_wconf 86' lang='grc' dir='ltr'><strong><em>μου</em></strong></span> <span class='ocrx_word' id='word_1_212' title='bbox 839 3397 912 3467; x_wconf 86' lang='grc' dir='ltr'><strong><em>τὸ</em></strong></span> <span class='ocrx_word' id='word_1_213' title='bbox 941 3402 1178 3468; x_wconf 82' lang='grc' dir='ltr'><strong><em>τέκνον</em></strong></span> <span class='ocrx_word' id='word_1_214' title='bbox 1206 3404 1280 3468; x_wconf 80' lang='grc' dir='ltr'><strong><em>ἐκ</em></strong></span> <span class='ocrx_word' id='word_1_215' title='bbox 1306 3407 1525 3490; x_wconf 75' lang='grc' dir='ltr'><strong><em>χερῶν</em></strong></span> <span class='ocrx_word' id='word_1_216' title='bbox 1551 3399 1959 3490; x_wconf 81' lang='grc' dir='ltr'><strong><em>άποσπάσῃς,</em></strong></span> 
     </span>
    </p>

    <p class='ocr_par' dir='ltr' id='par_1_23' title="bbox 564 3499 1898 3589">
     <span class='ocr_line' id='line_1_38' title="bbox 564 3499 1898 3589; baseline 0.001 -22"><span class='ocrx_word' id='word_1_217' title='bbox 564 3499 734 3586; x_wconf 76' lang='grc' dir='ltr'><strong><em>μηδὲ</em></strong></span> <span class='ocrx_word' id='word_1_218' title='bbox 759 3499 1040 3588; x_wconf 89' lang='grc' dir='ltr'><strong><em>κτάνητε</em></strong></span> <span class='ocrx_word' id='word_1_219' title='bbox 1059 3524 1073 3538; x_wconf 91' lang='grc'><em>·</em></span> <span class='ocrx_word' id='word_1_220' title='bbox 1113 3509 1249 3570; x_wconf 75' lang='grc' dir='ltr'><strong><em>τῶν</em></strong></span> <span class='ocrx_word' id='word_1_221' title='bbox 1276 3502 1705 3589; x_wconf 87' lang='grc' dir='ltr'><strong><em>τεθνηκότων</em></strong></span> <span class='ocrx_word' id='word_1_222' title='bbox 1732 3500 1898 3581; x_wconf 80' lang='grc' dir='ltr'><strong><em>ἅλις.</em></strong></span> 
     </span>
    </p>
   </div>
  </div>
 </body>
</html>
