<?xml version="1.0" encoding="UTF-8"?>
<!DOCTYPE html PUBLIC "-//W3C//DTD XHTML 1.0 Transitional//EN"
    "http://www.w3.org/TR/xhtml1/DTD/xhtml1-transitional.dtd">
<html xmlns="http://www.w3.org/1999/xhtml" xml:lang="en" lang="en">
 <head>
  <title>
</title>
<meta http-equiv="Content-Type" content="text/html;charset=utf-8" />
  <meta name='ocr-system' content='tesseract 3.04.00' />
  <meta name='ocr-capabilities' content='ocr_page ocr_carea ocr_par ocr_line ocrx_word'/>
</head>
<body>
  <div class='ocr_page' id='page_1' title='image "./evripidistragoe03eurigoog/evripidistragoe03eurigoog_0326.png"; bbox 0 0 2492 3900; ppageno 0'>
   <div class='ocr_carea' id='block_1_1' title="bbox 280 132 1465 199">
    <p class='ocr_par' dir='ltr' id='par_1_1' title="bbox 280 132 1465 199">
     <span class='ocr_line' id='line_1_1' title="bbox 280 132 1465 199; baseline -0.006 -1"><span class='ocrx_word' id='word_1_1' title='bbox 280 132 407 199; x_wconf 83' lang='lat'><em>216</em></span> <span class='ocrx_word' id='word_1_2' title='bbox 1158 135 1465 194; x_wconf 84' lang='lat' dir='ltr'><em>EAENH</em></span> 
     </span>
    </p>
   </div>
   <div class='ocr_carea' id='block_1_2' title="bbox 244 297 2334 3565">
    <p class='ocr_par' dir='ltr' id='par_1_2' title="bbox 244 297 2334 3565">
     <span class='ocr_line' id='line_1_2' title="bbox 516 297 1891 392; baseline -0.001 -19"><span class='ocrx_word' id='word_1_3' title='bbox 516 311 710 384; x_wconf 82' lang='grc' dir='ltr'><em>’ἵλεως</em></span> <span class='ocrx_word' id='word_1_4' title='bbox 737 303 862 391; x_wconf 74' lang='grc' dir='ltr'><em>μὲν</em></span> <span class='ocrx_word' id='word_1_5' title='bbox 892 313 1016 392; x_wconf 71' lang='grc' dir='ltr'><em>εἴη,</em></span> <span class='ocrx_word' id='word_1_6' title='bbox 1046 304 1429 392; x_wconf 83' lang='grc' dir='ltr'><em>συμβέβηκε</em></span> <span class='ocrx_word' id='word_1_7' title='bbox 1459 299 1526 372; x_wconf 88' lang='grc' dir='ltr'><em>δ’</em></span> <span class='ocrx_word' id='word_1_8' title='bbox 1563 297 1891 392; x_wconf 79' lang='grc' dir='ltr'><em>οὐδαμοῦ.</em></span> 
     </span>
     <span class='ocr_line' id='line_1_3' title="bbox 514 400 1950 498; baseline 0.001 -24"><span class='ocrx_word' id='word_1_9' title='bbox 514 402 558 474; x_wconf 74' lang='grc' dir='ltr'><em>ἃ</em></span> <span class='ocrx_word' id='word_1_10' title='bbox 586 400 652 473; x_wconf 87' lang='grc' dir='ltr'><em>δ’</em></span> <span class='ocrx_word' id='word_1_11' title='bbox 688 403 863 495; x_wconf 79' lang='grc' dir='ltr'><em>ἀμφὶ</em></span> <span class='ocrx_word' id='word_1_12' title='bbox 891 406 1122 498; x_wconf 74' lang='grc' dir='ltr'><em>τύμβῳ</em></span> <span class='ocrx_word' id='word_1_13' title='bbox 1150 402 1314 498; x_wconf 76' lang='grc' dir='ltr'><em>τῷδ’</em></span> <span class='ocrx_word' id='word_1_14' title='bbox 1349 402 1697 489; x_wconf 80' lang='grc' dir='ltr'><em>ὀνειδίζεις</em></span> <span class='ocrx_word' id='word_1_15' title='bbox 1726 414 1950 494; x_wconf 89' lang='grc' dir='ltr'><em>πατρί,</em></span> 
     </span>
     <span class='ocr_line' id='line_1_4' title="bbox 511 503 2334 597; baseline 0.003 -21"><span class='ocrx_word' id='word_1_16' title='bbox 511 505 673 597; x_wconf 79' lang='grc' dir='ltr'><em>ἡμῖν</em></span> <span class='ocrx_word' id='word_1_17' title='bbox 702 504 807 578; x_wconf 83' lang='grc' dir='ltr'><em>ὅδ’</em></span> <span class='ocrx_word' id='word_1_18' title='bbox 850 504 1053 588; x_wconf 80' lang='grc' dir='ltr'><em>αὑτὸς</em></span> <span class='ocrx_word' id='word_1_19' title='bbox 1090 514 1333 596; x_wconf 85' lang='grc' dir='ltr'><em>μῦθος.</em></span> <span class='ocrx_word' id='word_1_20' title='bbox 1370 504 1766 595; x_wconf 77' lang='grc' dir='ltr'><em>ἀδικοίημεν</em></span> <span class='ocrx_word' id='word_1_21' title='bbox 1795 503 1901 596; x_wconf 69' lang='grc' dir='ltr'><em>ἄν,</em></span> <span class='ocrx_word' id='word_1_22' title='bbox 2177 529 2334 581; x_wconf 79' lang='grc'>1010</span> 
     </span>
     <span class='ocr_line' id='line_1_5' title="bbox 518 603 2068 700; baseline 0.001 -20"><span class='ocrx_word' id='word_1_23' title='bbox 518 603 583 680; x_wconf 81' lang='grc' dir='ltr'><em>εί</em></span> <span class='ocrx_word' id='word_1_24' title='bbox 606 609 695 698; x_wconf 85' lang='grc' dir='ltr'><em>μὴ</em></span> <span class='ocrx_word' id='word_1_25' title='bbox 734 607 1065 680; x_wconf 72' lang='grc' dir='ltr'><em>ἀποδώσω</em></span> <span class='ocrx_word' id='word_1_26' title='bbox 1082 632 1097 647; x_wconf 90' lang='grc'><em>·</em></span> <span class='ocrx_word' id='word_1_27' title='bbox 1134 611 1249 678; x_wconf 86' lang='grc' dir='ltr'><em>καὶ</em></span> <span class='ocrx_word' id='word_1_28' title='bbox 1276 607 1406 700; x_wconf 77' lang='grc' dir='ltr'><em>γὰρ</em></span> <span class='ocrx_word' id='word_1_29' title='bbox 1435 605 1522 680; x_wconf 71' lang='grc' dir='ltr'><em>ἂν</em></span> <span class='ocrx_word' id='word_1_30' title='bbox 1547 624 1769 689; x_wconf 76' lang='grc' dir='ltr'><em>κεῖνος</em></span> <span class='ocrx_word' id='word_1_31' title='bbox 1795 612 2068 697; x_wconf 79' lang='grc' dir='ltr'><strong><em>βλέπων</em></strong></span> 
     </span>
     <span class='ocr_line' id='line_1_6' title="bbox 516 707 2044 801; baseline -0.001 -19"><span class='ocrx_word' id='word_1_32' title='bbox 516 711 863 784; x_wconf 76' lang='grc' dir='ltr'><em>ἀπέδωκεν</em></span> <span class='ocrx_word' id='word_1_33' title='bbox 892 707 977 782; x_wconf 72' lang='grc' dir='ltr'><em>ἄν</em></span> <span class='ocrx_word' id='word_1_34' title='bbox 1004 714 1112 781; x_wconf 81' lang='grc' dir='ltr'><em>σοὶ</em></span> <span class='ocrx_word' id='word_1_35' title='bbox 1138 711 1330 799; x_wconf 83' lang='grc' dir='ltr'><em>τήνδ’</em></span> <span class='ocrx_word' id='word_1_36' title='bbox 1365 718 1576 800; x_wconf 82' lang='grc' dir='ltr'><em>ἔχειν,</em></span> <span class='ocrx_word' id='word_1_37' title='bbox 1607 711 1815 801; x_wconf 82' lang='grc' dir='ltr'><em>ταύτῃ</em></span> <span class='ocrx_word' id='word_1_38' title='bbox 1845 713 1922 782; x_wconf 75' lang='grc' dir='ltr'><em>δὲ</em></span> <span class='ocrx_word' id='word_1_39' title='bbox 1946 715 2044 782; x_wconf 91' lang='grc' dir='ltr'><em>σέ.</em></span> 
     </span>
     <span class='ocr_line' id='line_1_7' title="bbox 516 812 2043 904; baseline -0.001 -21"><span class='ocrx_word' id='word_1_40' title='bbox 516 817 651 900; x_wconf 82' lang='grc' dir='ltr'><em>[καὶ</em></span> <span class='ocrx_word' id='word_1_41' title='bbox 676 812 805 904; x_wconf 79' lang='grc' dir='ltr'><em>γὰρ</em></span> <span class='ocrx_word' id='word_1_42' title='bbox 832 821 1002 896; x_wconf 82' lang='grc' dir='ltr'><em>τίσις</em></span> <span class='ocrx_word' id='word_1_43' title='bbox 1029 812 1236 883; x_wconf 75' lang='grc' dir='ltr'><em>τῶνδ’</em></span> <span class='ocrx_word' id='word_1_44' title='bbox 1272 816 1411 884; x_wconf 83' lang='grc' dir='ltr'><em>ἐστὶ</em></span> <span class='ocrx_word' id='word_1_45' title='bbox 1439 829 1574 895; x_wconf 76' lang='grc' dir='ltr'><em>τοῖς</em></span> <span class='ocrx_word' id='word_1_46' title='bbox 1604 842 1676 882; x_wconf 88' lang='grc' dir='ltr'><em>τε</em></span> <span class='ocrx_word' id='word_1_47' title='bbox 1704 816 2043 903; x_wconf 74' lang='grc' dir='ltr'><em>νερτέροις</em></span> 
     </span>
     <span class='ocr_line' id='line_1_8' title="bbox 516 912 2038 1005; baseline -0.001 -19"><span class='ocrx_word' id='word_1_48' title='bbox 516 919 631 986; x_wconf 81' lang='grc' dir='ltr'><em>καὶ</em></span> <span class='ocrx_word' id='word_1_49' title='bbox 658 931 793 996; x_wconf 80' lang='grc' dir='ltr'><em>τοῖς</em></span> <span class='ocrx_word' id='word_1_50' title='bbox 820 912 1095 986; x_wconf 73' lang='grc' dir='ltr'><em>ἄνωθεν</em></span> <span class='ocrx_word' id='word_1_51' title='bbox 1124 923 1330 986; x_wconf 80' lang='grc' dir='ltr'><em>πᾶσιν</em></span> <span class='ocrx_word' id='word_1_52' title='bbox 1359 913 1774 1005; x_wconf 72' lang='grc' dir='ltr'><em>ἀνθρώποις.</em></span> <span class='ocrx_word' id='word_1_53' title='bbox 1807 912 1842 985; x_wconf 84' lang='grc' dir='ltr'>ὁ</span> <span class='ocrx_word' id='word_1_54' title='bbox 1873 923 2038 997; x_wconf 83' lang='grc' dir='ltr'><em>νοῦς</em></span> 
     </span>
     <span class='ocr_line' id='line_1_9' title="bbox 518 1015 2325 1107; baseline 0.001 -19"><span class='ocrx_word' id='word_1_55' title='bbox 518 1025 657 1088; x_wconf 75' lang='grc' dir='ltr'><em>τῶν</em></span> <span class='ocrx_word' id='word_1_56' title='bbox 688 1019 1171 1089; x_wconf 77' lang='grc' dir='ltr'><em>κατθανόντων</em></span> <span class='ocrx_word' id='word_1_57' title='bbox 1202 1026 1277 1107; x_wconf 77' lang='grc' dir='ltr'><em>ζῇ</em></span> <span class='ocrx_word' id='word_1_58' title='bbox 1305 1019 1430 1106; x_wconf 73' lang='grc' dir='ltr'><em>μὲν</em></span> <span class='ocrx_word' id='word_1_59' title='bbox 1455 1015 1540 1089; x_wconf 78' lang='grc' dir='ltr'><em>οὔ</em></span> <span class='ocrx_word' id='word_1_60' title='bbox 1554 1071 1573 1107; x_wconf 95' lang='grc'><em>,</em></span> <span class='ocrx_word' id='word_1_61' title='bbox 1601 1017 1878 1106; x_wconf 73' lang='grc' dir='ltr'><em>γνώμην</em></span> <span class='ocrx_word' id='word_1_62' title='bbox 1903 1016 1971 1086; x_wconf 89' lang='grc' dir='ltr'><em>δ’</em></span> <span class='ocrx_word' id='word_1_63' title='bbox 2007 1026 2143 1106; x_wconf 78' lang='grc' dir='ltr'><em>ἔχει</em></span> <span class='ocrx_word' id='word_1_64' title='bbox 2175 1029 2325 1090; x_wconf 74' lang='grc'>1015</span> 
     </span>
     <span class='ocr_line' id='line_1_10' title="bbox 520 1117 2000 1210; baseline -0.001 -20"><span class='ocrx_word' id='word_1_65' title='bbox 520 1118 865 1191; x_wconf 78' lang='grc' dir='ltr'><em>ἀθάνατον</em></span> <span class='ocrx_word' id='word_1_66' title='bbox 894 1127 988 1201; x_wconf 86' lang='grc' dir='ltr'><em>είς</em></span> <span class='ocrx_word' id='word_1_67' title='bbox 1015 1118 1364 1191; x_wconf 77' lang='grc' dir='ltr'><em>ἀθάνατον</em></span> <span class='ocrx_word' id='word_1_68' title='bbox 1391 1117 1616 1210; x_wconf 83' lang='grc' dir='ltr'><em>αἰθέρ’</em></span> <span class='ocrx_word' id='word_1_69' title='bbox 1650 1120 2000 1208; x_wconf 77' lang='grc' dir='ltr'><em>ἐμπεσών.]</em></span> 
     </span>
     <span class='ocr_line' id='line_1_11' title="bbox 520 1213 1940 1313; baseline -0.003 -19"><span class='ocrx_word' id='word_1_70' title='bbox 520 1221 610 1306; x_wconf 74' lang='grc' dir='ltr'><em>ὥς</em></span> <span class='ocrx_word' id='word_1_71' title='bbox 638 1213 765 1293; x_wconf 79' lang='grc' dir='ltr'><em>οὖν</em></span> <span class='ocrx_word' id='word_1_72' title='bbox 794 1230 1092 1313; x_wconf 78' lang='grc' dir='ltr'><em>περαίνω</em></span> <span class='ocrx_word' id='word_1_73' title='bbox 1122 1225 1213 1312; x_wconf 81' lang='grc' dir='ltr'><em>μὴ</em></span> <span class='ocrx_word' id='word_1_74' title='bbox 1244 1219 1516 1312; x_wconf 76' lang='grc' dir='ltr'><em>μακράν</em></span> <span class='ocrx_word' id='word_1_75' title='bbox 1535 1276 1554 1312; x_wconf 94' lang='grc'><em>,</em></span> <span class='ocrx_word' id='word_1_76' title='bbox 1585 1223 1940 1311; x_wconf 78' lang='grc' dir='ltr'><em>σιγήσομαι</em></span> 
     </span>
     <span class='ocr_line' id='line_1_12' title="bbox 520 1321 1732 1416; baseline 0 -22"><span class='ocrx_word' id='word_1_77' title='bbox 520 1323 563 1394; x_wconf 80' lang='grc' dir='ltr'>ἅ</span> <span class='ocrx_word' id='word_1_78' title='bbox 587 1352 719 1412; x_wconf 93' lang='grc' dir='ltr'><em>μου</em></span> <span class='ocrx_word' id='word_1_79' title='bbox 747 1321 1290 1414; x_wconf 79' lang='grc' dir='ltr'><em>καθικετεύσατ’,</em></span> <span class='ocrx_word' id='word_1_80' title='bbox 1321 1321 1485 1395; x_wconf 73' lang='grc' dir='ltr'><em>οὐδὲ</em></span> <span class='ocrx_word' id='word_1_81' title='bbox 1510 1332 1732 1416; x_wconf 77' lang='grc' dir='ltr'><em>μωρίᾳ</em></span> 
     </span>
     <span class='ocr_line' id='line_1_13' title="bbox 517 1427 1910 1518; baseline -0.001 -21"><span class='ocrx_word' id='word_1_82' title='bbox 517 1427 893 1514; x_wconf 80' lang='grc' dir='ltr'><em>ξύμβουλος</em></span> <span class='ocrx_word' id='word_1_83' title='bbox 926 1435 1158 1516; x_wconf 81' lang='grc' dir='ltr'><em>ἔσομαι</em></span> <span class='ocrx_word' id='word_1_84' title='bbox 1184 1433 1266 1518; x_wconf 79' lang='grc' dir='ltr'><em>τῇ</em></span> <span class='ocrx_word' id='word_1_85' title='bbox 1296 1427 1704 1517; x_wconf 79' lang='grc' dir='ltr'><em>κασιγνήτου</em></span> <span class='ocrx_word' id='word_1_86' title='bbox 1731 1429 1910 1496; x_wconf 88' lang='grc' dir='ltr'><em>ποτέ.</em></span> 
     </span>
     <span class='ocr_line' id='line_1_14' title="bbox 521 1521 2316 1621; baseline -0.001 -22"><span class='ocrx_word' id='word_1_87' title='bbox 521 1525 853 1617; x_wconf 75' lang='grc' dir='ltr'><em>εὐεργετῶ</em></span> <span class='ocrx_word' id='word_1_88' title='bbox 883 1529 1011 1621; x_wconf 81' lang='grc' dir='ltr'><em>γὰρ</em></span> <span class='ocrx_word' id='word_1_89' title='bbox 1041 1546 1270 1600; x_wconf 79' lang='grc' dir='ltr'><em>κεῖνον</em></span> <span class='ocrx_word' id='word_1_90' title='bbox 1299 1527 1383 1599; x_wconf 76' lang='grc' dir='ltr'><em>οὐ</em></span> <span class='ocrx_word' id='word_1_91' title='bbox 1414 1525 1689 1600; x_wconf 85' lang='grc' dir='ltr'><em>δοκοῦσ’</em></span> <span class='ocrx_word' id='word_1_92' title='bbox 1728 1525 1926 1616; x_wconf 78' lang='grc' dir='ltr'><em>ὅμως,</em></span> <span class='ocrx_word' id='word_1_93' title='bbox 2169 1521 2316 1602; x_wconf 75' lang='grc'>1020</span> 
     </span>
     <span class='ocr_line' id='line_1_15' title="bbox 519 1629 1762 1722; baseline -0.002 -21"><span class='ocrx_word' id='word_1_94' title='bbox 519 1635 593 1701; x_wconf 80' lang='grc' dir='ltr'><em>ἐκ</em></span> <span class='ocrx_word' id='word_1_95' title='bbox 626 1637 1022 1718; x_wconf 82' lang='grc' dir='ltr'><em>δυσσεβείας</em></span> <span class='ocrx_word' id='word_1_96' title='bbox 1049 1629 1240 1702; x_wconf 81' lang='grc' dir='ltr'><em>ὅσιον</em></span> <span class='ocrx_word' id='word_1_97' title='bbox 1271 1638 1335 1702; x_wconf 83' lang='grc' dir='ltr'><em>εἰ</em></span> <span class='ocrx_word' id='word_1_98' title='bbox 1356 1639 1601 1722; x_wconf 85' lang='grc' dir='ltr'><em>τίθημί</em></span> <span class='ocrx_word' id='word_1_99' title='bbox 1629 1659 1762 1700; x_wconf 90' lang='grc' dir='ltr'><em>νιν.</em></span> 
     </span>
     <span class='ocr_line' id='line_1_16' title="bbox 519 1723 1938 1823; baseline -0.001 -21"><span class='ocrx_word' id='word_1_100' title='bbox 519 1730 713 1803; x_wconf 80' lang='grc' dir='ltr'><em>αὐτοὶ</em></span> <span class='ocrx_word' id='word_1_101' title='bbox 740 1733 864 1822; x_wconf 74' lang='grc' dir='ltr'><em>μὲν</em></span> <span class='ocrx_word' id='word_1_102' title='bbox 890 1723 1019 1803; x_wconf 79' lang='grc' dir='ltr'><em>οὖν</em></span> <span class='ocrx_word' id='word_1_103' title='bbox 1045 1731 1175 1804; x_wconf 87' lang='grc' dir='ltr'><em>τιν’</em></span> <span class='ocrx_word' id='word_1_104' title='bbox 1210 1735 1444 1816; x_wconf 79' lang='grc' dir='ltr'><em>ἔξοδόν</em></span> <span class='ocrx_word' id='word_1_105' title='bbox 1468 1732 1538 1823; x_wconf 85' lang='grc' dir='ltr'><em>γ’</em></span> <span class='ocrx_word' id='word_1_106' title='bbox 1574 1730 1938 1823; x_wconf 81' lang='grc' dir='ltr'><em>εὑρίσκετε,</em></span> 
     </span>
     <span class='ocr_line' id='line_1_17' title="bbox 521 1832 1846 1925; baseline -0.002 -20"><span class='ocrx_word' id='word_1_107' title='bbox 521 1834 651 1925; x_wconf 71' lang='grc' dir='ltr'><em>ἐγώ</em></span> <span class='ocrx_word' id='word_1_108' title='bbox 682 1832 748 1905; x_wconf 84' lang='grc' dir='ltr'><em>δ’</em></span> <span class='ocrx_word' id='word_1_109' title='bbox 784 1832 1106 1905; x_wconf 77' lang='grc' dir='ltr'><em>ἀποστᾶσ’</em></span> <span class='ocrx_word' id='word_1_110' title='bbox 1140 1833 1448 1907; x_wconf 71' lang='grc' dir='ltr'><em>ἐκποδῶν</em></span> <span class='ocrx_word' id='word_1_111' title='bbox 1474 1833 1846 1925; x_wconf 81' lang='grc' dir='ltr'><em>σιγήσομαι.</em></span> 
     </span>
     <span class='ocr_line' id='line_1_18' title="bbox 522 1934 1797 2030; baseline -0.002 -21"><span class='ocrx_word' id='word_1_112' title='bbox 522 1941 593 2009; x_wconf 80' lang='grc' dir='ltr'><em>ἐκ</em></span> <span class='ocrx_word' id='word_1_113' title='bbox 623 1946 760 2009; x_wconf 72' lang='grc' dir='ltr'><em>τῶν</em></span> <span class='ocrx_word' id='word_1_114' title='bbox 788 1944 976 2009; x_wconf 74' lang='grc' dir='ltr'><em>θεῶν</em></span> <span class='ocrx_word' id='word_1_115' title='bbox 1004 1935 1069 2009; x_wconf 86' lang='grc' dir='ltr'><em>δ’</em></span> <span class='ocrx_word' id='word_1_116' title='bbox 1106 1934 1399 2030; x_wconf 66' lang='grc' dir='ltr'><em>ἄρχεσθε</em></span> <span class='ocrx_word' id='word_1_117' title='bbox 1425 1938 1797 2026; x_wconf 79' lang='grc' dir='ltr'><em>χὶκετεύετε</em></span> 
     </span>
     <span class='ocr_line' id='line_1_19' title="bbox 521 2038 2314 2132; baseline 0.002 -22"><span class='ocrx_word' id='word_1_118' title='bbox 521 2041 644 2130; x_wconf 85' lang='grc' dir='ltr'><em>τὴν</em></span> <span class='ocrx_word' id='word_1_119' title='bbox 678 2045 801 2130; x_wconf 88' lang='grc' dir='ltr'><em>μέν</em></span> <span class='ocrx_word' id='word_1_120' title='bbox 830 2038 893 2111; x_wconf 87' lang='grc' dir='ltr'><em>σ’</em></span> <span class='ocrx_word' id='word_1_121' title='bbox 936 2044 1125 2112; x_wconf 81' lang='grc' dir='ltr'><em>ἐᾶσαι</em></span> <span class='ocrx_word' id='word_1_122' title='bbox 1150 2047 1442 2132; x_wconf 85' lang='grc' dir='ltr'><em>πατρίδα</em></span> <span class='ocrx_word' id='word_1_123' title='bbox 1473 2049 1792 2129; x_wconf 87' lang='grc' dir='ltr'><em>νοστῆσαι</em></span> <span class='ocrx_word' id='word_1_124' title='bbox 1819 2038 2116 2131; x_wconf 80' lang='grc' dir='ltr'><em>Κύπριν,</em></span> <span class='ocrx_word' id='word_1_125' title='bbox 2174 2059 2314 2113; x_wconf 78' lang='lat'>1025</span> 
     </span>
     <span class='ocr_line' id='line_1_20' title="bbox 505 2139 1880 2236; baseline 0 -23"><span class='ocrx_word' id='word_1_126' title='bbox 505 2139 713 2232; x_wconf 67' lang='grc' dir='ltr'><em>’Ἠρας</em></span> <span class='ocrx_word' id='word_1_127' title='bbox 742 2144 816 2213; x_wconf 76' lang='grc' dir='ltr'><em>δὲ</em></span> <span class='ocrx_word' id='word_1_128' title='bbox 844 2141 967 2230; x_wconf 82' lang='grc' dir='ltr'><em>τὴν</em></span> <span class='ocrx_word' id='word_1_129' title='bbox 997 2150 1270 2223; x_wconf 80' lang='grc' dir='ltr'><em>ἔννοιαν</em></span> <span class='ocrx_word' id='word_1_130' title='bbox 1297 2148 1371 2213; x_wconf 81' lang='grc' dir='ltr'><em>έν</em></span> <span class='ocrx_word' id='word_1_131' title='bbox 1401 2141 1622 2236; x_wconf 78' lang='grc' dir='ltr'><em>ταύτῷ</em></span> <span class='ocrx_word' id='word_1_132' title='bbox 1649 2144 1880 2231; x_wconf 85' lang='grc' dir='ltr'><em>μένειν</em></span> 
     </span>
     <span class='ocr_line' id='line_1_21' title="bbox 515 2242 1895 2335; baseline 0.001 -22"><span class='ocrx_word' id='word_1_133' title='bbox 515 2242 603 2333; x_wconf 79' lang='grc' dir='ltr'><em>ἢν</em></span> <span class='ocrx_word' id='word_1_134' title='bbox 632 2251 725 2325; x_wconf 84' lang='grc' dir='ltr'><em>είς</em></span> <span class='ocrx_word' id='word_1_135' title='bbox 754 2245 828 2313; x_wconf 73' lang='grc' dir='ltr'><em>σε</em></span> <span class='ocrx_word' id='word_1_136' title='bbox 855 2246 969 2314; x_wconf 84' lang='grc' dir='ltr'><em>καὶ</em></span> <span class='ocrx_word' id='word_1_137' title='bbox 996 2244 1120 2315; x_wconf 85' lang='grc' dir='ltr'><em>σὸν</em></span> <span class='ocrx_word' id='word_1_138' title='bbox 1155 2246 1357 2315; x_wconf 90' lang='grc' dir='ltr'><em>πόσιν</em></span> <span class='ocrx_word' id='word_1_139' title='bbox 1385 2254 1516 2334; x_wconf 79' lang='grc' dir='ltr'><em>ἔχει</em></span> <span class='ocrx_word' id='word_1_140' title='bbox 1545 2253 1895 2335; x_wconf 81' lang='grc' dir='ltr'><em>σωτηρίας.</em></span> 
     </span>
     <span class='ocr_line' id='line_1_22' title="bbox 521 2337 2245 2438; baseline 0.001 -22"><span class='ocrx_word' id='word_1_141' title='bbox 521 2343 606 2416; x_wconf 78' lang='grc' dir='ltr'><em>σὺ</em></span> <span class='ocrx_word' id='word_1_142' title='bbox 638 2342 731 2433; x_wconf 85' lang='grc' dir='ltr'><em>δ’,</em></span> <span class='ocrx_word' id='word_1_143' title='bbox 766 2337 819 2415; x_wconf 75' lang='lat'><em>03</em></span> <span class='ocrx_word' id='word_1_144' title='bbox 851 2345 1091 2416; x_wconf 80' lang='grc' dir='ltr'><em>θανιόν</em></span> <span class='ocrx_word' id='word_1_145' title='bbox 1118 2374 1230 2435; x_wconf 90' lang='grc' dir='ltr'><em>μοι</em></span> <span class='ocrx_word' id='word_1_146' title='bbox 1261 2347 1500 2438; x_wconf 84' lang='grc' dir='ltr'><em>πάτερ,</em></span> <span class='ocrx_word' id='word_1_147' title='bbox 1535 2344 1697 2417; x_wconf 84' lang='grc' dir='ltr'><em>ὅσον</em></span> <span class='ocrx_word' id='word_1_148' title='bbox 1722 2345 1793 2437; x_wconf 90' lang='grc' dir='ltr'><em>γ’</em></span> <span class='ocrx_word' id='word_1_149' title='bbox 1831 2345 1958 2436; x_wconf 75' lang='grc' dir='ltr'><em>ἐγω</em></span> <span class='ocrx_word' id='word_1_150' title='bbox 1991 2350 2245 2435; x_wconf 84' lang='grc' dir='ltr'><em>σθένω,</em></span> 
     </span>
     <span class='ocr_line' id='line_1_23' title="bbox 524 2444 2030 2538; baseline 0 -21"><span class='ocrx_word' id='word_1_151' title='bbox 524 2444 771 2519; x_wconf 73' lang='grc' dir='ltr'><em>οὔποτε</em></span> <span class='ocrx_word' id='word_1_152' title='bbox 801 2447 1111 2537; x_wconf 85' lang='grc' dir='ltr'><em>κεκλήσει</em></span> <span class='ocrx_word' id='word_1_153' title='bbox 1142 2448 1476 2538; x_wconf 81' lang='grc' dir='ltr'><em>δυσσεβὴς</em></span> <span class='ocrx_word' id='word_1_154' title='bbox 1505 2446 1653 2518; x_wconf 83' lang='grc' dir='ltr'><em>ἀντ’</em></span> <span class='ocrx_word' id='word_1_155' title='bbox 1691 2447 2030 2538; x_wconf 77' lang='grc' dir='ltr'><em>εὐσεβοῦς.</em></span> 
     </span>
     <span class='ocr_line' id='line_1_24' title="bbox 288 2546 2318 2642; baseline 0 -19"><span class='ocrx_word' id='word_1_156' title='bbox 288 2559 433 2623; x_wconf 85' lang='grc' dir='ltr'><em>ΧΟ.</em></span> <span class='ocrx_word' id='word_1_157' title='bbox 517 2548 745 2633; x_wconf 81' lang='grc' dir='ltr'><em>οὐδείς</em></span> <span class='ocrx_word' id='word_1_158' title='bbox 774 2546 924 2621; x_wconf 86' lang='grc' dir='ltr'><em>ποτ’</em></span> <span class='ocrx_word' id='word_1_159' title='bbox 950 2548 1328 2642; x_wconf 81' lang='grc' dir='ltr'><em>ηὐτύχησεν</em></span> <span class='ocrx_word' id='word_1_160' title='bbox 1359 2558 1622 2632; x_wconf 82' lang='grc' dir='ltr'><em>ἔκδικος</em></span> <span class='ocrx_word' id='word_1_161' title='bbox 1649 2552 1882 2641; x_wconf 77' lang='grc' dir='ltr'><em>γεγώς,</em></span> <span class='ocrx_word' id='word_1_162' title='bbox 2173 2568 2318 2623; x_wconf 79' lang='grc'>1030</span> 
     </span>
     <span class='ocr_line' id='line_1_25' title="bbox 244 2650 2210 2753; baseline 0 -29"><span class='ocrx_word' id='word_1_163' title='bbox 244 2744 253 2753; x_wconf 32' lang='grc'><em>,</em></span> <span class='ocrx_word' id='word_1_164' title='bbox 521 2657 597 2724; x_wconf 83' lang='grc' dir='ltr'><em>ἐν</em></span> <span class='ocrx_word' id='word_1_165' title='bbox 626 2661 719 2749; x_wconf 78' lang='grc' dir='ltr'><em>τῷ</em></span> <span class='ocrx_word' id='word_1_166' title='bbox 748 2658 989 2747; x_wconf 78' lang='grc' dir='ltr'><em>δικαίῳ</em></span> <span class='ocrx_word' id='word_1_167' title='bbox 1018 2659 1059 2724; x_wconf 93' lang='grc' dir='ltr'><em>δ</em></span> <span class='ocrx_word' id='word_1_168' title='bbox 1066 2650 1380 2736; x_wconf 66' lang='grc' dir='ltr'><em>’ἐλπίδες</em></span> <span class='ocrx_word' id='word_1_169' title='bbox 1409 2662 1760 2744; x_wconf 84' lang='grc' dir='ltr'><em>σωτηρίας.</em></span> <span class='ocrx_word' id='word_1_170' title='bbox 2200 2680 2210 2689; x_wconf 70' lang='grc'><em>“·</em></span> 
     </span>
     <span class='ocr_line' id='line_1_26' title="bbox 287 2755 2050 2845; baseline 0.001 -19"><span class='ocrx_word' id='word_1_171' title='bbox 287 2764 422 2826; x_wconf 88' lang='grc' dir='ltr'><em>ΕΛ.</em></span> <span class='ocrx_word' id='word_1_172' title='bbox 516 2758 863 2844; x_wconf 84' lang='grc' dir='ltr'><em>Μενέλαε,</em></span> <span class='ocrx_word' id='word_1_173' title='bbox 892 2755 1061 2845; x_wconf 86' lang='grc' dir='ltr'><em>πρὸς</em></span> <span class='ocrx_word' id='word_1_174' title='bbox 1087 2757 1212 2844; x_wconf 69' lang='grc' dir='ltr'><em>μὲν</em></span> <span class='ocrx_word' id='word_1_175' title='bbox 1238 2760 1595 2845; x_wconf 84' lang='grc' dir='ltr'><em>παρθένου</em></span> <span class='ocrx_word' id='word_1_176' title='bbox 1623 2756 2050 2845; x_wconf 71' lang='grc' dir='ltr'><em>σεσώσμεθα·</em></span> 
     </span>
     <span class='ocr_line' id='line_1_27' title="bbox 524 2851 2085 2944; baseline 0.002 -21"><span class='ocrx_word' id='word_1_177' title='bbox 524 2851 897 2924; x_wconf 76' lang='grc' dir='ltr'><em>τούνθένδε</em></span> <span class='ocrx_word' id='word_1_178' title='bbox 950 2855 1033 2941; x_wconf 85' lang='grc' dir='ltr'><em>δὴ</em></span> <span class='ocrx_word' id='word_1_179' title='bbox 1063 2862 1137 2923; x_wconf 78' lang='grc' dir='ltr'><em>σὲ</em></span> <span class='ocrx_word' id='word_1_180' title='bbox 1168 2856 1330 2935; x_wconf 81' lang='grc' dir='ltr'><em>τούς</em></span> <span class='ocrx_word' id='word_1_181' title='bbox 1359 2855 1602 2941; x_wconf 81' lang='grc' dir='ltr'><em>λόγους</em></span> <span class='ocrx_word' id='word_1_182' title='bbox 1633 2862 1930 2944; x_wconf 82' lang='grc' dir='ltr'><em>φέροντα</em></span> <span class='ocrx_word' id='word_1_183' title='bbox 1957 2856 2085 2944; x_wconf 81' lang='grc' dir='ltr'><em>χρὴ</em></span> 
     </span>
     <span class='ocr_line' id='line_1_28' title="bbox 519 2954 1866 3051; baseline 0 -24"><span class='ocrx_word' id='word_1_184' title='bbox 519 2954 759 3044; x_wconf 85' lang='grc' dir='ltr'><em>κοινὴν</em></span> <span class='ocrx_word' id='word_1_185' title='bbox 783 2956 1155 3028; x_wconf 77' lang='grc' dir='ltr'><em>συνάπτειν</em></span> <span class='ocrx_word' id='word_1_186' title='bbox 1181 2957 1489 3048; x_wconf 84' lang='grc' dir='ltr'><em>μηχανὴν</em></span> <span class='ocrx_word' id='word_1_187' title='bbox 1516 2967 1866 3051; x_wconf 89' lang='grc' dir='ltr'><em>σωτηρίας.</em></span> 
     </span>
     <span class='ocr_line' id='line_1_29' title="bbox 286 3056 2317 3153; baseline 0.001 -22"><span class='ocrx_word' id='word_1_188' title='bbox 286 3066 442 3131; x_wconf 90' lang='grc' dir='ltr'><em>ΜΕ.</em></span> <span class='ocrx_word' id='word_1_189' title='bbox 513 3056 723 3129; x_wconf 72' lang='grc' dir='ltr'><em>ἄκουε</em></span> <span class='ocrx_word' id='word_1_190' title='bbox 752 3059 837 3147; x_wconf 85' lang='grc' dir='ltr'><em>δή</em></span> <span class='ocrx_word' id='word_1_191' title='bbox 864 3081 1027 3128; x_wconf 90' lang='grc' dir='ltr'><em>νυν·</em></span> <span class='ocrx_word' id='word_1_192' title='bbox 1058 3058 1328 3153; x_wconf 84' lang='grc' dir='ltr'><em>χρόνιος</em></span> <span class='ocrx_word' id='word_1_193' title='bbox 1359 3060 1421 3131; x_wconf 82' lang='grc' dir='ltr'><em>εἶ</em></span> <span class='ocrx_word' id='word_1_194' title='bbox 1444 3066 1613 3131; x_wconf 76' lang='grc' dir='ltr'><em>κατὰ</em></span> <span class='ocrx_word' id='word_1_195' title='bbox 1641 3066 1878 3151; x_wconf 84' lang='grc' dir='ltr'><em>στέγας</em></span> <span class='ocrx_word' id='word_1_196' title='bbox 2161 3062 2317 3135; x_wconf 65' lang='lat'><strong>&#39;1035</strong></span> 
     </span>
     <span class='ocr_line' id='line_1_30' title="bbox 518 3163 1968 3255; baseline 0.002 -25"><span class='ocrx_word' id='word_1_197' title='bbox 518 3163 633 3231; x_wconf 83' lang='grc' dir='ltr'><em>καὶ</em></span> <span class='ocrx_word' id='word_1_198' title='bbox 660 3164 1121 3251; x_wconf 83' lang='grc' dir='ltr'><em>ξυντέθραψαι</em></span> <span class='ocrx_word' id='word_1_199' title='bbox 1149 3164 1593 3255; x_wconf 84' lang='grc' dir='ltr'><em>προσπόλοισι</em></span> <span class='ocrx_word' id='word_1_200' title='bbox 1621 3168 1968 3253; x_wconf 83' lang='grc' dir='ltr'><em>βασιλέως.</em></span> 
     </span>
     <span class='ocr_line' id='line_1_31' title="bbox 285 3260 1899 3357; baseline 0.002 -22"><span class='ocrx_word' id='word_1_201' title='bbox 285 3273 420 3335; x_wconf 87' lang='grc' dir='ltr'><em>ΕΛ.</em></span> <span class='ocrx_word' id='word_1_202' title='bbox 519 3272 589 3333; x_wconf 90' lang='grc' dir='ltr'><em>τί</em></span> <span class='ocrx_word' id='word_1_203' title='bbox 606 3260 791 3334; x_wconf 83' lang='grc' dir='ltr'><em>τοῦτ’</em></span> <span class='ocrx_word' id='word_1_204' title='bbox 825 3267 1074 3348; x_wconf 79' lang='grc' dir='ltr'><em>ἔλεξας;</em></span> <span class='ocrx_word' id='word_1_205' title='bbox 1104 3270 1437 3357; x_wconf 80' lang='grc' dir='ltr'><em>εἰσφέρεις</em></span> <span class='ocrx_word' id='word_1_206' title='bbox 1463 3266 1592 3357; x_wconf 80' lang='grc' dir='ltr'><em>γὰρ</em></span> <span class='ocrx_word' id='word_1_207' title='bbox 1624 3270 1899 3348; x_wconf 84' lang='grc' dir='ltr'><em>ἐλπίδας</em></span> 
     </span>
     <span class='ocr_line' id='line_1_32' title="bbox 522 3362 2102 3460; baseline 0.001 -26"><span class='ocrx_word' id='word_1_208' title='bbox 522 3362 610 3446; x_wconf 72' lang='grc' dir='ltr'><em>ὡς</em></span> <span class='ocrx_word' id='word_1_209' title='bbox 638 3365 722 3455; x_wconf 85' lang='grc' dir='ltr'><em>δή</em></span> <span class='ocrx_word' id='word_1_210' title='bbox 749 3393 812 3435; x_wconf 90' lang='grc' dir='ltr'><em>τι</em></span> <span class='ocrx_word' id='word_1_211' title='bbox 841 3366 1110 3457; x_wconf 80' lang='grc' dir='ltr'><em>δράσων</em></span> <span class='ocrx_word' id='word_1_212' title='bbox 1134 3368 1425 3458; x_wconf 82' lang='grc' dir='ltr'><em>χρηστὸν</em></span> <span class='ocrx_word' id='word_1_213' title='bbox 1454 3375 1548 3449; x_wconf 80' lang='grc' dir='ltr'><em>εἰς</em></span> <span class='ocrx_word' id='word_1_214' title='bbox 1575 3370 1808 3439; x_wconf 83' lang='grc' dir='ltr'><em>κοινόν</em></span> <span class='ocrx_word' id='word_1_215' title='bbox 1835 3396 1912 3457; x_wconf 91' lang='grc' dir='ltr'><em>γε</em></span> <span class='ocrx_word' id='word_1_216' title='bbox 1940 3375 2102 3460; x_wconf 76' lang='grc' dir='ltr'><em>νῷν.</em></span> 
     </span>
     <span class='ocr_line' id='line_1_33' title="bbox 516 3489 2318 3565; baseline 0.004 -19"><span class='ocrx_word' id='word_1_217' title='bbox 516 3490 857 3564; x_wconf 76' lang='grc' dir='ltr'><em>πειράσομαι</em></span> <span class='ocrx_word' id='word_1_218' title='bbox 887 3490 951 3547; x_wconf 73' lang='grc' dir='ltr'><em>δὲ</em></span> <span class='ocrx_word' id='word_1_219' title='bbox 981 3492 1272 3565; x_wconf 83' lang='grc' dir='ltr'><em>παρθένος</em></span> <span class='ocrx_word' id='word_1_220' title='bbox 1303 3494 1494 3565; x_wconf 85' lang='grc' dir='ltr'><em>μένειν</em></span> <span class='ocrx_word' id='word_1_221' title='bbox 1525 3489 1634 3551; x_wconf 77' lang='grc' dir='ltr'><em>ἆεί.</em></span> <span class='ocrx_word' id='word_1_222' title='bbox 2177 3500 2318 3554; x_wconf 83' lang='grc'>1008</span> 
     </span>
    </p>
   </div>
   <div class='ocr_carea' id='block_1_3' title="bbox 293 3470 653 3485">
    <p class='ocr_par' dir='ltr' id='par_1_3' title="bbox 293 3470 653 3485">
     <span class='ocr_line' id='line_1_34' title="bbox 293 3470 653 3485; baseline 0 415"><span class='ocrx_word' id='word_1_223' title='bbox 293 3470 653 3485; x_wconf 95' lang='lat' dir='ltr'><em> </em></span> 
     </span>
    </p>
   </div>
  </div>
 </body>
</html>
