2492 3900
186 135 312 200 214
1034 81 1345 196 EAENH

186 316 330 378 XO.
416 304 686 395 οἰκτρὸν
716 306 841 393 μὲν
870 310 943 374 οἷ
964 302 1290 396 παρόντες
1319 306 1394 374 ἐν
1421 307 1602 399 μέσῳ
1629 305 1842 395 λόγοι,

419 411 653 498 οἰκτρὰ
682 408 759 477 δὲ
784 409 898 477 καὶ
927 407 1035 476 σύ.
1075 405 1233 489 τούς
1262 406 1339 476 δὲ
1365 409 1694 478 Μενέλεω
1721 417 1918 480 ποθῶ
2107 431 2220 486 945

416 510 663 600 λόγους
686 507 976 582 ἀκοῦσαι
1000 517 1187 590 τίνας
1214 512 1360 598 ἐρεῖ
1379 517 1598 597 ψυχῆς
1627 513 1802 600 πέρι.

186 623 340 686 ME.
410 612 541 704 ἐγὼ
570 611 697 683 σὸν
725 609 872 683 οὔτ’
904 607 991 680 ἀν
1017 627 1426 700 προσπεσεῖν
1452 619 1690 700 τλαίην
1717 613 1889 701 γόνυ

422 712 571 786 οὔτ’
607 711 695 785 ἄν
726 721 1059 803 δακρῦσαι
1087 716 1428 804 βλέφαρα·
1463 712 1588 803 τὴν
1625 723 1877 804 Τροίαν
1904 715 2035 808 γὰρ
2063 715 2148 788 ἂν

418 820 630 889 δειλοὶ
658 817 1011 904 γενόμενοι
1038 824 1354 887 πλεῖστον
1379 818 1814 905 αἰσχύνοιμεν
1841 814 1944 888 ἄν.

419 927 635 991 καίτοι
662 921 978 1008 λέγουσιν
1006 914 1097 999 ὥς
1122 917 1291 1010 πρὸς
1317 917 1564 1008 ἀνδρὸς
1601 917 1923 1008 εὐγενοῦς
2109 939 2218 994 950

421 1027 495 1092 ἐν
524 1025 933 1112 ξυμφοραῖσι
962 1019 1205 1111 δάκρυ’
1240 1018 1358 1092 ἀπ’
1391 1018 1774 1110 ὀφθαλμῶν
1801 1031 2056 1110 βαλεῖν.

370 1154 374 1165 ·
419 1122 565 1194 ἀλλ’
606 1121 761 1211 οὐχὶ
788 1131 986 1195 τοῦτο
1011 1122 1087 1194 τὸ
1117 1123 1362 1211 καλόν,
1394 1130 1459 1194 εἰ
1491 1123 1704 1194 καλὸν
1729 1125 1905 1213 τόδε,

420 1226 777 1316 αἱρήσομαι
803 1224 925 1315 ’γώ
956 1225 1217 1316 πρόσθε
1242 1233 1360 1315 τῆς
1389 1223 1734 1315 εὐψυχίας.

421 1326 571 1399 ἀλλ’
608 1335 673 1398 εί
694 1330 818 1417 μὲν
847 1326 1067 1418 ἄνδρα
1094 1351 1199 1399 σοι
1226 1335 1422 1399 δοκεῖ
1441 1337 1656 1399 σῶσαι
1683 1333 1876 1412 ξένον

418 1431 745 1519 ζητοῦντά
771 1428 842 1518 μ’
878 1429 1107 1520 ὀρθῶς
1140 1429 1509 1520 ἀπολαβεῖν
1537 1429 1822 1521 δάμαρτ’
1855 1432 2041 1520 ἐμήν,
2111 1451 2210 1504 955

419 1531 674 1613 ἀπόδος
700 1559 773 1601 τε
800 1535 914 1601 καὶ
940 1532 1109 1622 πρὸς
1135 1541 1360 1603 σῶσον
1377 1557 1392 1572 ·
1426 1540 1492 1604 εί
1513 1534 1591 1604 δὲ
1616 1533 1706 1622 μὴ
1738 1540 1944 1621 δοκεῖ,

419 1633 553 1723 ἐγώ
585 1634 710 1722 μὲν
736 1631 819 1705 οὐ
848 1640 983 1704 νῦν
1010 1641 1314 1724 πρῶτον,
1345 1633 1514 1706 ἀλλὰ
1544 1636 1860 1717 πολλάκις

422 1735 661 1817 ἅθλιος
689 1731 777 1806 άν
804 1747 984 1824 εἴην,
1019 1737 1106 1807 σύ
1135 1738 1212 1808 δὲ
1240 1736 1416 1826 γυνὴ
1449 1736 1620 1826 κακὴ
1650 1754 1877 1827 φανεῖ.

420 1837 463 1910 ἃ
492 1837 555 1909 δ’
596 1835 729 1922 ἄξι’
768 1836 963 1928 ἡμῶν
989 1844 1102 1909 καὶ
1131 1837 1345 1910 δίκαι’
1381 1837 1732 1930 ἡγούμεθα

420 1945 532 2013 καὶ
560 1948 681 2030 σῆς
706 1942 991 2031 μάλιστα
1016 1949 1299 2033 καρδίας
1326 1940 1724 2032 ἀνθάψεται,
2110 1962 2213 2016 960

420 2049 585 2129 λέξω
621 2043 769 2114 τάδ’
806 2044 980 2135 ἀμφὶ
1005 2052 1231 2135 μνῆμα
1257 2054 1384 2116 σοῦ
1413 2045 1662 2131 πατρὸς
1691 2047 1948 2119 πεσών·

425 2141 479 2219 ὦ
506 2150 740 2236 γέρον,
772 2144 846 2229 ὃς
874 2156 1078 2231 οἰκεῖς
1106 2149 1305 2219 τόνδε
1335 2148 1569 2219 λάινον
1595 2149 1836 2238 τάφον,

421 2249 705 2336 ἀπόδος,
736 2246 996 2319 ἀπαιτῶ
1022 2250 1147 2339 τὴν
1174 2250 1344 2339 ἐμὴν
1371 2251 1676 2342 δάμαρτά
1705 2273 1801 2339 σε,

422 2350 511 2441 ἣν
536 2348 709 2431 Ζεύς
737 2356 991 2440 ἔπεμψε
1023 2353 1234 2442 δεῦρό
1268 2375 1373 2424 σοι
1401 2354 1637 2438 σώζειν
1662 2357 1827 2442 ἐμοί.

420 2450 554 2526 οἷδ’
595 2449 824 2540 οὕνεχ’
857 2450 1020 2544 ἡμῖν
1051 2452 1288 2527 οὔποτ’
1325 2453 1642 2545 ὀφλήσεις
1672 2456 1942 2526 θανών·
2108 2472 2212 2527 965

424 2554 572 2629 ἀλλ’
605 2554 731 2645 ἥδε
758 2561 1013 2651 πατέρα
1036 2563 1290 2651 νέρθεν
1318 2556 1872 2647 ἀνακαλούμενον

422 2658 548 2732 οὐκ
579 2657 846 2744 ἀξιώσει
874 2661 995 2733 τὸν
1021 2665 1185 2753 πρὶν
1214 2658 1690 2733 εὐκλεέστατον

420 2771 642 2843 κακῶς
669 2760 955 2833 ἀκοῦσαι
972 2788 986 2803 ·
1018 2772 1225 2851 κυρία
1253 2765 1381 2854 γάρ
1413 2766 1550 2833 ἐστι
1579 2770 1732 2834 νῦν.

426 2858 481 2935 ὦ
507 2861 769 2955 νέρτερ’
792 2862 1021 2954 Ἅιδη,
1051 2869 1165 2936 καὶ
1193 2868 1269 2938 σὲ
1295 2866 1643 2955 σύμμαχον
1670 2872 1874 2953 καλῶ,

422 2965 497 3049 ὃς
524 2963 716 3037 πόλλ’
750 2968 951 3050 ἐδέξω
986 2966 1177 3056 τῆσδ’
1210 2972 1396 3039 ἕκατι
1427 2969 1698 3058 σώματα
2109 2983 2216 3040 970

423 3068 716 3140 πεσόντα
742 3067 941 3165 τώμῷ
971 3072 1331 3165 φασγάνῳ,
1361 3071 1614 3160 μισθὸν
1643 3067 1709 3141 δ’
1744 3076 1946 3158 ἔχεις·

422 3173 465 3262 ἢ
494 3180 629 3241 νῦν
658 3174 962 3255 ἐκείνους
990 3171 1241 3256 ἀπόδος
1270 3175 1611 3263 ἐμψύχους
1639 3173 1863 3263 πάλιν,

420 3270 465 3364 ἢ
492 3268 684 3363 τήνδ’
716 3272 1101 3365 ἀνάγκασόν
1128 3307 1207 3367 γε
1231 3277 1322 3366 μὴ
1353 3275 1679 3367 εὐσεβοῦς
1706 3277 1958 3369 πατρὸς

423 3373 609 3464 ἥσσω
639 3393 970 3465 φανεῖσαν
997 3377 1151 3468 τᾶμ’
1185 3379 1561 3450 ἀπολλύναι
1590 3383 1766 3468 λέχη.

422 3484 487 3547 εί
508 3473 573 3544 δ’
614 3479 728 3567 ἐμὲ
755 3497 1045 3568 γυναῖκα
1070 3480 1194 3569 τὴν
1220 3482 1388 3571 ἐμὴν
1415 3482 1759 3572 συλήσετε,
2107 3494 2218 3553 975
