2492 3900
307 165 411 214 DE
449 161 839 214 CODICIBVS
877 161 1295 212 EVRIPIDEIS
1334 163 1429 214 ΕΤ
1466 161 1946 214 EDITIONIBVS
2014 161 2165 212 XLV

173 325 359 384 tram,
409 331 582 392 quam
637 313 861 373 Romae
915 333 968 373 a.
1020 313 1180 374 1545
1242 332 1274 372 e
1318 312 1525 373 codice
1570 315 1619 373 C
1670 315 1928 391 primum
1974 312 2165 374 edidit

175 401 400 460 Petrus
443 398 756 458 Victorius
844 396 1094 457 saeculis
1138 395 1263 457 XVI
1309 405 1368 457 et
1411 394 1564 458 XVII
1624 398 1859 458 tametsi
1903 396 2164 458 studium

174 481 462 562 Euripidi
506 498 626 540 non
674 480 876 546 defuit,
923 489 1122 541 tamen
1169 499 1235 540 ea
1280 481 1395 541 fuit
1438 481 1581 540 artis
1612 482 1854 542 criticae
1897 481 2163 549 infantia,

179 575 251 628 ut
296 565 618 626 mediocris
664 563 890 624 fructus
918 564 992 624 ad
1039 563 1403 624 emendanda
1436 563 1684 626 traditae
1729 563 2001 625 lectionis
2029 565 2167 624 vitia

179 649 558 712 redundarit.
647 649 878 726 primus
923 647 996 708 ad
1051 648 1257 708 altiora
1311 649 1514 708 enisus
1566 655 1659 708 est
1700 647 1765 708 L.
1814 647 1875 709 C.
1925 648 2167 710 Valcke-

181 735 394 795 narius
437 732 748 794 doctrinae
801 734 988 809 copiis
1045 739 1218 811 atque
1272 733 1498 810 ingenii
1544 731 1779 793 dotibus
1836 749 2021 811 aeque
2077 734 2167 792 in·

183 819 399 896 signis,
447 818 549 896 qui
579 814 917 876 Phoenissis
947 821 1007 874 et
1035 813 1353 894 Hippolyto
1386 815 1559 877 editis
1605 817 1674 892 (a.
1704 817 1866 876 1755
1894 824 1953 875 et
1985 816 2167 892 1768)

187 903 434 979 egregie
479 899 750 979 Euripidi
793 897 1092 960 consuluit
1136 907 1198 959 et
1238 899 1572 978 aequalium
1617 898 1803 960 studia
1849 901 2065 960 mirum
2110 902 2171 959 in

186 985 438 1047 modum
487 985 780 1044 excitavit.
849 990 1214 1060 exceperunt
1257 982 1418 1044 hunc
1446 981 1843 1051 Marklandus,
1891 986 1990 1062 qui
2020 983 2170 1062 Sup-

188 1069 382 1149 plices
429 1075 489 1128 et
542 1066 880 1146 Iphigenias
924 1066 1109 1127 edidit
1153 1066 1226 1145 (a.
1276 1068 1679 1141 1763—83),
1739 1074 1796 1127 et
1840 1066 2171 1127 Brunckius

189 1153 390 1214 editor
433 1151 537 1212 Or.
568 1150 748 1212 Andr.
794 1150 938 1212 Hec.
983 1150 1207 1212 Phoen.
1237 1149 1413 1229 Hipp.
1458 1149 1670 1212 Bacch.
1718 1149 1869 1210 Med.
1922 1169 1973 1210 a.
2011 1154 2171 1211 1779

188 1239 394 1297 --93.
486 1253 693 1296 omnes
747 1234 1083 1312 tragoedias
1137 1236 1487 1310 superstites
1540 1232 1825 1312 ampliore
1892 1243 2174 1315 apparatu

190 1323 518 1382 instructas
562 1317 907 1396 complexus
953 1326 1043 1379 est
1088 1318 1148 1378 S.
1181 1317 1547 1395 Musgravius
1590 1337 1644 1379 a.
1680 1321 1863 1379 1778.
1952 1321 2175 1398 optime

193 1423 340 1466 vero
395 1403 470 1463 de
525 1405 716 1481 poetis
769 1402 1008 1478 tragicis
1051 1401 1435 1464 emendandis
1489 1405 1737 1463 meritus
1780 1410 1869 1463 est
1911 1402 1979 1463 R.
2030 1403 2174 1463 Por-

194 1505 382 1548 sonus
439 1487 662 1564 (editor
716 1486 994 1547 Hecubae
1049 1486 1150 1548 Or.
1197 1485 1420 1546 Phoen.
1478 1486 1633 1547 Med.
1681 1504 1733 1546 a.
1786 1488 1945 1547 1797
2004 1487 2173 1566 sqq.),

195 1575 306 1652 qui
348 1573 701 1632 usitatorum
734 1578 1061 1631 metrorum
1105 1570 1269 1647 leges
1298 1589 1333 1630 a
1374 1571 1615 1647 tragicis
1646 1578 1907 1630 servatas
1951 1571 2178 1647 primus

195 1656 508 1735 perspexit
551 1662 612 1714 et
655 1653 988 1716 admirabili
1044 1672 1182 1715 cum
1225 1655 1544 1730 sagacitate
1588 1672 1621 1714 a
1676 1654 1943 1732 priorum
1990 1654 2177 1714 edito-

195 1758 338 1800 rum
390 1738 662 1798 socordia
717 1736 1044 1799 vindicavit.
1132 1737 1311 1798 huius
1354 1739 1601 1816 vestigia
1661 1745 1899 1798 secutus
1943 1739 2175 1816 estqui

196 1821 547 1884 Heraclidas
589 1821 854 1898 Medeam
912 1821 1174 1884 Bacchas
1219 1823 1294 1899 (a.
1345 1820 1717 1900 1813—21)
1764 1822 2067 1883 recensuit
2110 1821 2175 1885 P.

197 1906 538 1976 Elmsleius‚
584 1905 929 1967 observator
973 1906 1148 1983 longe
1178 1905 1679 1982 diligentissimus,
1725 1905 1967 1966 criticus
2008 1921 2179 1981 egre·

199 1994 350 2069 gius,
439 1990 678 2069 utrique
748 1988 1008 2069 aequalis
1064 1997 1124 2049 et
1185 1990 1426 2068 utrique
1492 1996 1794 2067 superstes
1865 1989 1974 2049 suit
2030 1987 2177 2049 God.

198 2076 609 2143 Hermannus,
669 2075 770 2150 qui
811 2092 919 2153 per
963 2073 1277 2135 dimidium
1321 2074 1449 2134 fere
1492 2070 1791 2135 saeculum
1834 2074 1894 2132 in
1940 2074 2181 2151 tragicis

201 2159 450 2221 Graecis
507 2156 890 2219 recensendis
955 2156 1277 2218 elaboravit
1342 2163 1401 2217 et
1456 2166 1576 2218 tam
1632 2156 1869 2234 linguae
1936 2158 2183 2218 scientia

202 2260 380 2321 quam
438 2240 640 2303 subtili
695 2241 912 2303 iudicio
967 2241 1232 2318 miraque
1286 2242 1512 2318 ingenii
1555 2240 1880 2302 mobilitate
1932 2242 2181 2302 multum

200 2325 473 2404 Euripidi
519 2325 759 2403 profuit,
805 2342 1164 2404 quamquam
1208 2326 1425 2386 accidit
1468 2326 1703 2403 saepius
1747 2325 1873 2385 viro
1918 2326 2180 2403 egregio,

201 2420 268 2471 ut
313 2428 430 2470 non
485 2417 606 2470 tam
650 2411 839 2471 critici
883 2428 1059 2489 quam
1116 2417 1327 2489 poetae
1370 2408 1671 2469 videretur
1724 2417 1924 2489 partes
1981 2426 2182 2469 susce·

200 2496 390 2574 pisset
439 2492 624 2553 edidit
664 2493 1140 2556 Andromacham
1188 2494 1381 2561 1838,
1430 2492 1692 2553 Bacchas
1740 2495 1934 2560 1823,
1992 2491 2186 2552 Hecu-

203 2578 345 2639 bam
392 2580 558 2639 1800
602 2586 661 2637 et
707 2574 888 2647 1831,
934 2575 1217 2637 Helenam
1255 2578 1435 2645 1837,
1484 2576 1663 2635 Herc.
1696 2574 1761 2634 F.
1800 2577 1982 2644 1810,
2032 2574 2185 2651 Sup-

204 2660 394 2741 plices
440 2664 625 2730 1811,
673 2660 860 2738 Iphig.
895 2664 960 2723 A.
1012 2664 1194 2725 1831,
1241 2657 1367 2738 lph.
1399 2659 1465 2722 T.
1516 2662 1699 2727 1833,
1744 2658 1947 2719 Ionem
1998 2660 2183 2727 1827,

205 2744 522 2826 Cyclopem
571 2747 752 2813 1838,
803 2744 1073 2806 Orestem
1121 2742 1714 2811 1841,-Phoenissas
1760 2743 1945 2804 1840.
2020 2741 2183 2803 deni·

203 2847 323 2909 que
379 2828 496 2887 hoc
549 2826 788 2889 saeculo
841 2828 1083 2907 plurimi
1138 2827 1411 2889 homines
1470 2828 1631 2889 docti
1688 2825 2084 2887 recensendas
2130 2836 2185 2886 et

206 2910 608 2973 emendandas
639 2911 938 2992 Euripidis
981 2911 1317 2989 tragoedias
1354 2910 1467 2972 sibi
1510 2918 1912 2991 sumpserunt,
1960 2909 2187 2971 diversa

205 2998 398 3057 secuti
453 2996 698 3057 consilia
757 3003 816 3057 et
878 2998 1093 3075 impari
1149 3012 1284 3056 cum
1340 3012 1653 3063 successu;
1721 2994 1994 3073 inprimis
2048 3011 2188 3054 vero

205 3080 492 3142 Germani
535 3079 689 3141 hanc
734 3079 1220 3141 administrarant
1260 3080 1644 3158 provinciam.
1734 3095 1990 3155 quorum
2036 3079 2188 3137 viro-

203 3182 343 3225 rum
400 3164 739 3225 nominasse
794 3163 1046 3225 susficiet
1098 3166 1166 3226 A.
1213 3162 1547 3223 Seidlerum
1594 3162 1763 3242 (Tro.
1810 3160 1896 3221 El.
1945 3160 2069 3240 lph.
2117 3161 2187 3222 T.

207 3250 374 3309 1812
408 3254 468 3307 et
499 3246 620 3323 13),
667 3249 733 3308 A.
779 3246 1074 3317 Matthiae,
1121 3246 1489 3308 Ludovicum
1534 3254 1592 3306 et
1635 3244 2012 3308 Guilielmum
2047 3244 2188 3305 Din-

205 3330 453 3401 dorflos,
511 3330 621 3391 Th.
680 3331 943 3402 Fixium,
1004 3331 1049 3391 1.
1094 3330 1160 3391 Α.
1217 3330 1631 3407 Hartungium.
1721 3332 1878 3390 inter
1938 3329 2190 3389 Batavos

203 3416 555 3493 Lentingius
599 3414 772 3491 (Med.
804 3416 984 3479 Andr.
1022 3418 1186 3476 1819
1219 3421 1278 3474 et
1324 3415 1505 3492 1829)
1554 3421 1614 3473 et
1656 3411 1894 3473 Geelius
1940 3409 2185 3487 (Phoen.

207 3497 394 3577 1846)
441 3498 897 3578 Euripidearum
953 3497 1323 3578 quarundam
1380 3496 1714 3557 fabularum
1771 3494 2033 3553 editores
2088 3510 2190 3553 ex-
