2492 3900
167 1571 308 1631 XO.

997 174 1445 233 ΑΛΚΗΣΤΙΣ
2106 172 2181 234 19

397 343 688 431 πάρεστε
721 343 836 411 καὶ
860 344 1173 430 μένοντες
1207 338 1617 429 ἀντηχήσατε

397 452 650 515 παιᾶνα
678 450 770 537 τῷ
800 441 1112 512 κάτωθεν
1136 439 1454 535 ἀσπόνδῳ
1481 450 1645 536 θεῷ.

397 553 604 616 πᾶσιν
633 546 710 615 δὲ
737 552 1177 615 Θεσσαλοῖσιν
1214 534 1316 612 ὦν
1342 540 1473 633 ἐγώ
1503 554 1725 635 κρατῶ
2084 564 2183 617 425

399 650 702 729 πένθους
728 644 1050 734 γυναικὸς
1075 650 1279 733 τῆσδε
1306 652 1712 717 κοινοῦσθαι
1740 651 1913 737 λέγω

401 756 620 839 κουρᾷ
647 748 920 839 ξυρήκει
949 751 1062 817 καὶ
1089 756 1518 837 μελαγχίμοις
1544 752 1821 831 πέπλοις
1840 771 1855 787 ·

397 850 738 940 τέθριππά
763 846 842 918 θ’
875 856 944 919 οἳ
969 848 1348 937 ζεύγνυσθε
1375 852 1487 920 καὶ
1514 851 1955 941 μονάμπυκας

397 953 696 1037 πώλους,
723 951 982 1043 σιδήρῳ
1008 948 1265 1039 τέμνετ’
1297 948 1606 1039 αὐχένων
1631 954 1875 1043 φόβην.

399 1050 629 1123 αὐλῶν
664 1053 742 1123 δὲ
767 1052 858 1141 μὴ
886 1050 1023 1123 κατ’
1054 1050 1259 1139 ἄστυ,
1289 1052 1381 1141 μὴ
1409 1048 1619 1142 λύρας
1647 1056 1897 1135 κτύπος
2082 1072 2185 1127 430

404 1162 570 1227 ἔστω
597 1154 878 1243 σελήνας
907 1151 1139 1225 δώδεκ’
1171 1158 1747 1246 ἐκπληρουμένας·

409 1255 493 1327 ού
519 1257 647 1347 γάρ
675 1254 794 1327 τιν’
828 1254 1038 1327 ἄλλον
1072 1262 1395 1346 φίλτερον
1421 1258 1624 1339 θάψω
1652 1258 1899 1348 νεκρὸν

402 1357 592 1429 τοῦδ’
635 1356 788 1429 οὐδ’
821 1356 1114 1447 ἀμείνον’
1148 1365 1242 1440 εἰς
1272 1356 1363 1447 ἔμ’
1384 1381 1401 1397 ·
1429 1357 1581 1443 ἀξία
1610 1362 1689 1431 δέ
1717 1388 1830 1449 μοι

400 1468 630 1549 τιμᾶν,
660 1462 804 1532 ἐπεὶ
831 1464 1147 1549 τέτληκεν
1180 1462 1330 1533 ἀντ’
1370 1466 1535 1553 ἐμοῦ
1569 1474 1833 1537 θανεῖν.

402 1554 458 1633 ὦ
484 1570 738 1633 Πελίου
764 1562 1090 1651 θύγατερ,
1830 1587 1972 1653 στρ.
2078 1580 2181 1633 435

398 1665 726 1754 χαίρουσά
759 1693 874 1753 μοι
903 1671 1005 1734 εἰν
1023 1661 1209 1735 Ἀίδα
1238 1664 1547 1753 δόμοισιν

398 1766 518 1836 τὸν
545 1765 823 1837 ἀνάλιον
858 1766 1048 1837 οἶκον
1076 1767 1457 1849 οἰκετεύοις.

401 1881 560 1939 ἴστω
577 1865 640 1938 δ’
668 1865 889 1952 Ἀίδας
918 1866 1407 1959 ὁμελαγχαίτας
1421 1864 1582 1947 θεὸς
1612 1863 1685 1947 ὅς
1713 1864 1761 1935 τ’
1786 1870 1893 1936 ἐπὶ
1921 1866 2115 1958 κώπᾳ

401 1979 706 2064 πηδαλίῳ
733 1967 808 2042 τε
841 1973 1058 2062 γέρων
2075 1983 2181 2036 440

399 2073 862 2163 νεκροπομπὸς
891 2079 1033 2160 ἵζει,

401 2174 576 2245 πολὺ
606 2173 690 2263 δὴ
727 2174 902 2247 πολὺ
933 2174 1017 2265 δὴ
1046 2171 1307 2264 γυναῖκ’
1339 2171 1620 2264 ἀρίστοιν

402 2285 646 2365 λίμναν
665 2273 1087 2367 Ἀχεροντίαν
1114 2277 1367 2366 πορεύ-

400 2402 518 2460 σας
547 2379 745 2470 ἐλάτᾳ
772 2379 1066 2472 δικώπςο.
1141 2425 1150 2432 ·

402 2482 615 2550 πολλά
642 2503 718 2552 σε
744 2481 1157 2570 μουσοπόλοι
1826 2477 1968 2547 ἀντ.
2075 2493 2177 2546 445

401 2586 729 2670 μέλψουσι
756 2580 909 2652 καθ’
943 2583 1311 2653 ἑπτάτονόν
1339 2580 1388 2651 τ’
1420 2580 1653 2670 ὀρείαν

398 2686 600 2771 χέλυν
629 2691 704 2754 ἒν
731 2682 781 2752 τ’
813 2681 1090 2772 ἀλύροις
1115 2685 1426 2764 πλέοντες
1453 2679 1710 2771 ὕμνοις,

402 2787 684 2877 Σπάρτᾳ
706 2784 1160 2866 κύκλοςὰνίκα
1171 2795 1511 2874 Καρνείου
1533 2791 1979 2870 περινίσσεται
2004 2777 2179 2868 ὥρας

397 2886 607 2976 μηνὸς
637 2884 1026 2976 ἀειρομένας
2078 2899 2181 2952 450

398 2989 748 3076 παννύχου
775 2989 1080 3076 σελάνας,

396 3098 752 3178 λιπαραῖσί
771 3089 819 3159 τ’
853 3095 927 3162 ἐν
957 3088 1215 3178 ὀλβίαις
1236 3089 1571 3171 Ἀθάναις.

396 3199 590 3261 τοίαν
617 3199 838 3275 ἔλιπες
863 3200 1176 3262 θανοῦσα
1202 3201 1369 3281 μολ-

395 3291 533 3364 πὰν
560 3296 818 3381 μελέων
845 3291 1122 3375 ἀοιδοῖς.

397 3391 528 3464 εἴθ’
564 3392 659 3467 ἐπ’
695 3399 839 3485 ἐμοὶ
865 3395 991 3484 μὲν
1021 3407 1146 3485 εἴη,
1830 3417 1967 3480 στρ.
2076 3405 2179 3458 455

787 3513 889 3566 435
910 3514 1334 3567 -4442445
1356 3513 1553 3566 -454

1590 3621 1597 3628 .
1747 3592 1835 3653 2*
