2492 3900
288 134 418 212 168'

291 934 431 997 ΑΓ.

295 1644 436 1704 ΧΟ.

1149 145 1449 206 ΕΚΛΒΗ

512 315 792 405 Ἑκάβη,
825 314 950 385 σὸν
979 312 1106 383 οὐκ
1137 322 1421 383 ἔλασσον
1446 310 1491 402 ἢ
1517 322 1745 404 κείνης
1769 317 1983 408 χρέος,

520 421 634 488 καὶ
665 423 940 497 παῖδας·
985 414 1075 497 ὡς
1104 422 1214 485 δεῖ
1239 418 1355 485 καὶ
1381 415 1562 486 τέκν’
1600 420 1851 487 εἰδέναι
1881 420 2128 507 λόγους

521 519 678 602 τοὺς
705 522 771 603 ἐξ
802 523 1085 607 ἐκείνης.
1121 517 1242 588 τὸν
1268 518 1345 587 δὲ
1373 525 1489 605 τῆς
1515 527 1939 607 νεοσφαγοῦς

520 623 908 709 Πολυξένης
934 623 1228 707 ἐπίσχες,
1252 617 1701 709 Ἀγάμεμνον,
1730 621 1969 709 τάφον,

521 721 612 804 ὥς
640 721 802 792 τώδ’
840 720 1114 809 ἀδελφώ
1144 729 1432 809 πλησίον
1456 728 1577 815 μιᾷ
1602 730 1831 812 φλογί,

521 824 718 911 δισσὴ
746 826 1034 912 μέριμνα
1060 830 1294 911 μητρί,
1323 830 1733 914 κρυφθῆτον
1758 832 1983 911 χθονί.

519 933 704 995 ἔσται
729 922 877 994 τάδ’
912 920 1090 995 οὕτω
1107 946 1122 961 ·
1159 928 1273 993 καὶ
1304 922 1433 1013 γὰρ
1466 926 1675 1013 εἰμὲν
1700 917 1789 1013 ἦν
1814 934 2075 1018 στρατῷ

523 1033 770 1115 πλοῦς,
801 1024 928 1097 οὐκ
957 1021 1046 1095 ἂν
1075 1024 1255 1113 εἶχον
1282 1026 1485 1114 τήνδε
1514 1048 1621 1097 σοι
1649 1032 1893 1097 δοῦναι
1918 1028 2117 1119 χάριν
2134 1052 2151 1065 ·

523 1136 656 1199 νῦν
682 1126 777 1217 δ’,
806 1126 892 1198 οὐ
920 1128 1048 1217 γὰρ
1077 1125 1215 1215 ἴησ’
1252 1125 1484 1217 οὐρίας
1520 1124 1733 1205 πνοὰς
1766 1126 1953 1211 θεός,

523 1235 754 1318 μένειν
781 1227 1041 1318 ἀνάγκη
1071 1236 1291 1299 πλοῦν
1319 1226 1616 1317 ὁρῶντας
1642 1228 1918 1319 ἥσυχον.

527 1334 790 1420 γένοιτο
819 1329 885 1401 δ’
919 1322 1001 1401 εὐ
1028 1353 1196 1411 πως·
1235 1338 1399 1399 πᾶσι
1423 1330 1554 1420 γὰρ
1581 1331 1819 1402 κοινὸν
1846 1335 2004 1403 τόδε

525 1439 667 1523 ἰδία
695 1430 771 1501 θ’
808 1433 1063 1526 ἑκάστῳ
1087 1434 1204 1502 καὶ
1229 1433 1455 1520 πόλει,
1484 1431 1605 1503 τὸν
1631 1434 1757 1521 μὲν
1782 1434 1993 1504 κακὸν

523 1532 738 1603 κακόν
763 1560 827 1601 τι
854 1532 1168 1621 πάσχειν,
1198 1532 1320 1603 τὸν
1350 1534 1427 1603 δὲ
1452 1534 1744 1624 χρηστὸν
1772 1533 2103 1625 εὐτυχεῖν.

525 1631 612 1705 σὺ
640 1635 766 1723 μὲν
797 1624 854 1703 οἷ
880 1637 1118 1723 πατρὶς
1137 1632 1350 1722 Ἰλιάς,

524 1743 661 1805 τῶν
691 1733 1102 1825 ἀπορθήτων
1130 1735 1323 1817 πόλις
1357 1734 1584 1807 οὐκέτι
1611 1741 1818 1822 λέξει·

527 1852 712 1907 τοῖον
731 1834 1070 1907 Ἑλλάνων
1097 1841 1305 1927 νέφος
1332 1835 1515 1928 άμφί
1536 1860 1612 1909 σε
1640 1840 1922 1929 κρύπτει

525 1942 677 2030 δορὶ
703 1939 788 2028 δὴ
818 1942 970 2032 δορὶ
995 1942 1272 2032 πέρσαν.

523 2041 655 2113 ἀπὸ
687 2044 764 2112 δὲ
790 2043 1145 2131 στεφάναν
1167 2044 1489 2134 κέκαρσαι

527 2143 843 2233 πύργων,
874 2142 1042 2214 κατὰ
1071 2143 1137 2213 δ’
1171 2145 1466 2214 αἰθάλου

525 2241 744 2332 nul-1²:3³
778 2246 1211 2335 οἰκτροτάταν
1242 2248 1593 2336 κέχρωσαι,

527 2341 814 2431 τάλαιν’,
845 2343 1072 2414 οὐκέτι
1101 2343 1166 2412 σ’
1201 2347 1607 2433 ἐμβατεύσω.

527 2444 960 2534 μεσονύκτιος
990 2443 1329 2535 ὥλλύμαν,

523 2540 690 2638 ἦμος
716 2551 789 2618 ἐκ
818 2553 1116 2618 δείπνων
1142 2545 1357 2630 ῧπνος
1385 2547 1554 2637 ἡδὺς
1586 2547 1694 2620 ἐπ’
1727 2547 1950 2630 ὄσσοις

523 2657 899 2748 σκίδναται,
934 2653 1199 2741 μολπάν
1233 2647 1303 2719 δ’
1341 2651 1472 2721 ἄπο
1506 2655 1617 2722 καὶ
1650 2656 2008 2746 χαροποιὸν

526 2756 784 2819 θυσίαν
811 2750 1241 2830 καταπαύσας

528 2849 721 2928 πόσις
746 2853 822 2918 ἐν
849 2850 1180 2937 θαλάμοις
1209 2857 1444 2938 ἔκειτο,

526 2948 770 3035 ξυστὸν
799 2947 861 3018 δ’
896 2954 1005 3021 ἐπὶ
1032 2951 1373 3044 πασσάλῳ,

524 3051 782 3123 ναύταν
810 3049 1054 3123 οὐκέθ’
1090 3047 1276 3145 ὁρῶν
1303 3050 1542 3143 ὅμιλον

535 3162 786 3245 Τροίαν
806 3152 1031 3226 Ἰλιάδ’
1065 3159 1430 3246 ἐμβεβῶτα.

529 3255 660 3348 ἐγώ
689 3257 766 3326 δὲ
795 3257 1141 3347 πλόκαμον
1169 3257 1517 3339 ἆναδέτοις

933 3376 1036 3428 905
1055 3401 1130 3412 -·
1147 3377 1247 3430 913
1260 3399 1347 3426 =
1359 3376 1460 3430 914
1476 3403 1550 3413 —
1569 3377 1673 3431 922

921 3474 1026 3528 923
1040 3501 1115 3510 -
1133 3476 1236 3529 932
1254 3491 1339 3516 Ξ
1356 3476 1458 3530 933
1476 3503 1551 3513 ·-
1570 3477 1672 3532 942

2024 1657 2172 1727 στρ.
2212 1655 2320 1709 905

2208 2060 2320 2115 910

2028 2444 2173 2516 ἀντ.

2212 2564 2319 2619 915

2213 2969 2321 3022 920

2032 3279 2175 3346 στρ.
