2492 3900
1097 132 1395 191 EKABH
2121 130 2239 197 151

465 297 846 389 κρύπτοντα
872 314 1062 388 χεῖρα
1088 302 1202 368 καὶ
1229 301 1593 389 πρόσωπον
1621 308 1904 389 ἔμπαλιν

465 404 836 492 στρέφοντα
853 453 872 489 ,
899 400 990 489 μή
1019 422 1142 471 σου
1169 409 1522 492 προσθίγω
1552 403 1916 490 γενειάδος.

463 502 739 601 θάρσει·
777 506 1119 591 πέφευγας
1144 502 1263 575 τὸν
1291 502 1453 591 ἐμὸν
1484 507 1734 574 ἱκέσιον
1760 513 1899 575 Δία
1916 528 1930 542 ·
2135 522 2236 576 345

469 602 558 685 ὦς
589 606 838 691 ἕψομαί
859 632 937 692 γε
963 611 1084 673 τοῦ
1113 602 1171 673 τ’
1205 602 1577 692 ἀναγκαίου
1602 608 1798 696 χάριν

463 715 708 774 θανεῖν
733 733 806 774 τε
837 702 1148 795 χρῄζουσ’
1171 728 1186 743 ·
1223 713 1288 775 εί
1311 706 1385 776 δὲ
1412 706 1503 794 μὴ
1533 708 1963 797 βουλήσομαι,

465 804 637 894 κακὴ
668 814 1012 895 φανοῦμαι
1037 808 1152 876 καὶ
1179 808 1551 896 φιλόψυχος
1576 809 1772 896 γυνή.

464 915 536 977 τί
555 908 682 997 γάρ
709 936 791 996 με
817 916 926 978 δεῖ
947 915 1098 996 ξῆνς
1135 901 1181 998 ᾖ
1210 907 1425 999 πατὴρ
1453 910 1579 997 μὲν
1607 902 1695 995 ἦν
1724 907 1885 992 ἅναξ

466 1017 762 1098 Φρυγῶν
788 1007 1134 1081 ἁπάντων·
1173 1010 1371 1081 τοῦτό
1397 1037 1509 1097 μοι
1536 1016 1801 1099 πρῶτον
1829 1018 2014 1098 βίου·
2134 1028 2237 1081 350

466 1108 672 1181 ἔπειτ’
706 1115 1062 1201 ἐθρέφθην
1091 1114 1384 1181 ἐλπίδων
1411 1119 1637 1180 καλῶν
1666 1108 1801 1180 ὕπο

465 1220 815 1301 βασιλεῦσι
841 1214 1110 1301 νύμφη,
1142 1220 1338 1300 ζῆλον
1364 1210 1447 1281 οὐ
1475 1211 1759 1302 σμικρὸν
1786 1212 2019 1300 γάμων

464 1312 713 1402 ὲχουσ’,
742 1311 904 1384 ὅτου
931 1312 1101 1402 δῶμ’
1135 1317 1362 1384 ἑστίαν
1388 1310 1447 1383 τ’
1481 1312 1801 1403 ἀφίξομαι
1819 1337 1833 1351 ·

463 1418 783 1486 δέσποινα
811 1414 874 1486 δ’
908 1413 950 1504 ἡ
980 1416 1307 1504 δύστηνος
1328 1412 1671 1485 Ἰδαίαισιν
1696 1406 1741 1503 ’ἦ

463 1520 729 1607 γυναιξὶ
757 1520 1123 1608 παρθένοις
1149 1514 1209 1586 τ’
1241 1514 1655 1605 ἀπόβλεπτος
1682 1518 1865 1605 μέτα,
2134 1534 2235 1585 355

465 1630 574 1707 ἴση
600 1630 824 1689 θεοῖσι
853 1617 1030 1707 πλὴν
1057 1617 1132 1687 τὸ
1160 1629 1528 1687 κατθανεῖν
1555 1616 1765 1706 μόνον
1784 1641 1798 1655 ·

466 1727 598 1790 νῦν
625 1718 688 1791 δ’
725 1723 858 1809 εἰμὶ
888 1720 1119 1808 δούλη.
1182 1726 1413 1809 πρῶτα
1438 1722 1563 1809 μέν
1590 1748 1671 1807 με
1701 1716 1995 1807 τοῦνομα

464 1834 706 1892 θανεῖν
735 1825 895 1912 ἐρᾶν
923 1830 1196 1909 τίθησιν
1223 1819 1350 1891 ούκ
1384 1820 1626 1901 εἰωθὸς
1655 1818 1764 1890 όν·

467 1921 672 1994 ἔπειτ’
706 1934 866 2006 ἴσως
891 1920 978 1994 ἀν
1005 1930 1352 1995 δεσποτῶν
1378 1920 1581 2011 ὠμῶν
1610 1924 1864 2011 φρένας

467 2023 727 2114 τύχοιμ’
761 2024 878 2114 ἀν,
908 2023 1087 2108 ὅστις
1113 2023 1419 2116 ἀργύρου
1446 2022 1518 2112 μ’
1550 2020 1877 2110 ὠνήσεται
2132 2037 2236 2092 360

465 2123 908 2217 τὴνἝκτορός
933 2155 1006 2196 τε
1031 2125 1329 2216 χὰτέρων
1360 2132 1627 2195 πολλῶν
1654 2125 1871 2211 κάσιν,

467 2232 790 2318 προσθεὶς
821 2227 884 2298 δ’
917 2228 1220 2317 ἀνάγκην
1252 2226 1593 2298 σιτοποιὸν
1622 2231 1695 2296 έν
1724 2226 1974 2313 δόμοις,

465 2337 724 2421 σαίρειν
749 2357 820 2400 τε
851 2337 1040 2419 δῶμα
1066 2338 1371 2420 κερκίσιν
1396 2326 1457 2398 τ’
1492 2329 1851 2418 ἐφεστάναι

465 2430 730 2521 λυπρὰν
759 2429 1055 2519 ἄγουσαν
1081 2429 1337 2520 ἡμέραν
1364 2428 1433 2518 μ’
1466 2429 1831 2517 ἀναγκάσει
1847 2451 1861 2466 ·

464 2536 619 2620 λέχη
648 2533 722 2600 δὲ
749 2530 920 2621 τάμὰ
947 2539 1188 2612 δοῦλος
1215 2529 1468 2618 ῶνητός
1496 2543 1714 2600 ποθεν
2131 2543 2235 2596 355

461 2649 723 2724 χρανεῖ,
751 2635 1106 2724 τυράννων
1133 2633 1437 2723 πρόσθεν
1462 2629 1811 2720 ἠξιωμένα.

468 2733 551 2804 οὐ
579 2732 726 2824 δῆτ’
749 2759 763 2774 ·
795 2733 1038 2825 ἀφίημ’
1073 2733 1386 2824 ὀμμάτων
1413 2734 1777 2823 ἐλεύθερον

469 2839 715 2925 φέγγος
741 2834 1116 2927 τόδ’,Ἄιδῃ
1145 2833 1565 2926 προστιθεῖσ’
1598 2832 1761 2923 ἐμὸν
1790 2835 2007 2921 δέμας.

463 2935 574 3025 ἄγ’
609 2929 736 3008 οὖν
763 2937 835 3026 μ’
863 2937 1191 3008 Ὀδυσσεῦ
1219 2940 1334 3007 καὶ
1361 2941 1712 3028 διέργασαί
1733 2934 1801 3024 μ’
1836 2933 2050 3023 ἄγων·

466 3035 612 3108 οὔτ’
647 3043 912 3120 ἐλπίδος
938 3038 1067 3128 γὰρ
1097 3035 1252 3108 οὔτε
1278 3067 1400 3108 του
1427 3039 1623 3127 δόξης
1651 3036 1787 3125 ὁρῶ
2132 3049 2236 3104 370

463 3141 716 3230 θάρσος
742 3138 901 3230 παρ’
933 3138 1093 3229 ἡμῖν
1123 3137 1212 3221 ῶς
1239 3138 1388 3210 ποτ’
1425 3132 1503 3209 εὖ
1531 3144 1781 3230 πρᾶξαί
1799 3166 1881 3227 με
1909 3138 2052 3227 χρή.

465 3248 692 3332 μῆτερ,
709 3243 796 3312 σύ
815 3241 877 3313 δ’
915 3240 1074 3330 ἡμῖν
1104 3243 1316 3330 μηδὲν
1343 3240 1653 3330 ἐμποδῶν
1685 3246 1847 3331 γένῃ

467 3345 756 3429 λέγουσα
781 3345 950 3432 μηδὲ
979 3350 1236 3432 δρῶσα·
1278 3343 1668 3432 συμβούλου
1696 3344 1777 3412 δέ
1799 3369 1910 3430 μοι

427 3500 436 3509 .
465 3455 710 3514 θανεῖν
739 3447 903 3529 πρὶν
932 3452 1224 3533 αἰσχρῶν
1254 3443 1343 3533 μὴ
1373 3441 1517 3514 κατ’
1552 3442 1745 3526 ἀξίαν
1770 3455 2013 3529 τυχεῖν.
