2492 3900
71 0 103 171 ἱ..
333 34 453 150 192·

67 173 86 321 f

338 884 466 940 ΧΗ,

338 1084 462 1140 5-1.

541 2084 854 2174 Ἓλληνες
890 2085 1336 2172 ἐπελάθοντο,
1369 2084 1484 2166 τὰς
1512 2086 1588 2154 δὲ
1614 2085 1703 2174 μὴ
1733 2084 1939 2165 κακὰς
2236 2104 2338 2159 265

1186 83 1493 142 EAENH

554 251 833 344 μόλοιμ’,
864 249 1249 340 ἀναρπάσας
1284 245 1355 324 δῖ
1391 259 1662 346 αἰθέρος

555 355 755 425 τάνδε
785 371 986 444 γαῖαν
1017 361 1109 434 εἰς
1138 350 1435 444 ἄνολβον

559 465 768 548 ἔριν”
733 485 877 546 εριν
903 455 1224 525 τάλαιναν
1254 462 1448 528 ἔθετο

558 565 1039 647 Πριαμίδαισιν
1057 553 1390 641 Ἑλλάδος.

562 660 632 731 τὸ
664 657 727 729 δ’
761 655 989 748 ἐμόν’
952 686 1163 746 ονομα
1191 660 1373 748 παρὰ
1400 667 1832 749 Σιμουντίοις
1865 619 2086 748 ῥοαῖσι
2239 675 2350 729 250

558 767 878 852 μαψίδιον
906 767 1037 848 ἔχει
1066 760 1292 848 φάτιν.

558 872 723 952 ἔχεις
749 865 875 951 μὲν
902 858 1173 949 ἀλγείν’,
1205 862 1389 932 οἶδα·
1429 863 1782 952 σύμφορον
1820 865 1899 931 δέ
1922 882 2030 930 σοι

558 963 643 1048 ὡς
671 969 878 1057 ῥᾷστα
907 962 1274 1051 τάναγκαῖα
1302 973 1424 1035 τοῦ
1454 971 1612 1053 βίου
1642 965 1897 1052 φέρειν.

558 1075 747 1156 φίλαι
776 1082 1124 1156 γυναῖκες,
1156 1075 1289 1136 τίνι
1320 1066 1548 1159 πότμῳ
1575 1066 1988 1154 συνεζύγην;
2239 1081 2344 1134 255

558 1163 651 1259 ἆρ’
685 1166 726 1256 ἡ
754 1167 1043 1238 τεκοῦσά
1075 1164 1135 1255 μ’
1171 1175 1398 1238 ἔτεκεν
1426 1166 1815 1256 ἀνθρώποις
1840 1171 2068 1253 τέρας;

562 1270 753 1361 [γυνὴ
786 1269 914 1359 γὰρ
944 1266 1092 1339 οὔθ’
1126 1266 1425 1358 Ἑλληνὶς
1451 1266 1608 1340 οὔτε
1638 1267 1976 1358 βάρβαρος

558 1381 787 1459 τεῦχος
814 1378 1114 1441 νεοσσῶν
1145 1370 1395 1443 λευκὸν
1426 1368 1871 1460 ἐκλοχεύεται,

558 1479 630 1544 ἐν
660 1465 714 1567 ᾦ
740 1501 821 1562 με
846 1474 1083 1561 Λήδαν
1111 1477 1322 1562 φασὶν
1353 1479 1427 1545 ἐκ
1465 1474 1633 1556 Διὸς
1664 1481 1930 1558 τεκεῖν.]

562 1580 751 1666 τέρας
779 1573 906 1664 γὰρ
936 1572 971 1644 ὁ
1002 1581 1148 1662 βίος
1184 1579 1297 1646 καὶ
1323 1575 1404 1645 τὰ
1431 1573 1763 1666 πράγματ’
1796 1581 1941 1646 ἐστί
1963 1601 2098 1663 μοι,
2239 1592 2344 1648 260

558 1676 636 1747 τὰ
663 1679 787 1766 μὲν
817 1675 897 1746 δι’
915 1672 1151 1765 ”Ηραν,
1182 1677 1265 1747 τὰ
1297 1678 1374 1748 δὲ
1399 1676 1473 1748 τὸ
1507 1677 1750 1759 κάλλος
1777 1689 2012 1748 αἴτιον.

562 1776 682 1850 εἴθ’
716 1777 1165 1866 ἐξαλειφθεῖσ’
1203 1777 1291 1861 ὡς
1319 1777 1548 1868 ἄγαλμ’
1583 1770 1787 1860 αὖθις
1819 1779 2021 1849 πάλιν

558 1893 818 1969 αἴσχιον
852 1881 1027 1963 εἶδος
1055 1876 1203 1952 ἀντὶ
1232 1889 1354 1952 τοῦ
1383 1888 1594 1952 καλοῦ
1634 1888 1894 1969 ἔλαβον,

562 1988 671 2054 καὶ
697 1983 812 2065 τὰς
840 1985 1043 2071 τύχας
1069 1985 1194 2073 μὲν
1220 1982 1338 2064 τὰς
1365 1982 1575 2063 κακάς
1602 1981 1680 2065 ἃς
1705 1992 1839 2053 νῦν
1868 1992 1995 2071 ἔχω

562 2196 802 2272 ἔσωζον
831 2184 1054 2275 ὥσπερ
1083 2184 1198 2267 τὰς
1225 2186 1432 2268 κακὰς
1461 2187 1755 2271 σώζουσί
1774 2215 1927 2276 μου.

558 2286 735 2370 οστις
766 2289 891 2376 μὲν
920 2280 1048 2358 οὖν
1077 2296 1169 2370 εἰς
1199 2296 1363 2377 μίαν
1392 2287 1791 2378 ἀποβλέπων
1825 2290 2034 2378 τύχην

562 2387 723 2482 πρὸς
751 2398 937 2460 θεῶν
964 2398 1308 2475 κακοῦται,
1340 2390 1518 2480 βαρὺ
1551 2395 1696 2480 μέν,
1738 2394 1997 2460 οἶστέον
2027 2390 2092 2461 δ’
2127 2417 2333 2500 ομως·

566 2490 743 2582 ἡμεῖς
775 2492 850 2562 δὲ
878 2502 1151 2573 πολλαῖς
1179 2509 1558 2583 συμφοραῖς
1588 2496 1970 2581 ἐγκείμεθα.

562 2602 826 2685 πρῶτον
852 2595 977 2683 μὲν
1006 2592 1132 2665 οὐκ
1163 2586 1316 2665 οὖσ’
1351 2593 1614 2683 αδικος,
1648 2598 1780 2684 εἰμὶ
1809 2596 2168 2685 δυσκλεής·
2235 2614 2338 2668 270

558 2700 669 2766 καὶ
696 2704 895 2765 τοῦτο
923 2705 1146 2785 μεῖζον
1173 2704 1289 2786 τῆς
1318 2695 1642 2786 ἀληθείας
1669 2698 1900 2785 κακόν,

558 2795 735 2877 ὅστις
761 2796 841 2866 τὰ
867 2796 957 2885 μὴ
986 2799 1324 2886 προσόντα
1352 2801 1659 2888 κέκτηται
1689 2799 1881 2869 κακά.

558 2907 780 2969 ἔπειτα
808 2905 1127 2987 πατρίδος
1155 2908 1317 2971 θεοί
1338 2898 1396 2989 μ’
1431 2899 1896 2990 ἀφιδρύσαντο
1928 2908 2048 2991 γῆς

558 3008 649 3083 εἰς
676 2998 951 3090 βάρβαρ’
986 2998 1146 3091 ἤθη,
1179 3005 1293 3072 καὶ
1323 3011 1544 3091 φίλων
1573 3005 1915 3092 τητωμένη

558 3103 763 3191 δούλη
792 3102 1140 3194 καθέστηκ’
1173 3095 1324 3175 ούσ’
1360 3108 1744 3194 ἐλευθέρων
1773 3103 1933 3175 ἄπο·
2236 3119 2330 3175 275

558 3203 634 3273 τὰ
660 3206 1023 3294 βαρβάρων
1050 3206 1177 3295 γὰρ
1206 3213 1420 3277 δοῦλα
1449 3208 1664 3278 πάντα
1696 3208 1873 3296 πλὴν
1900 3204 2067 3287 ἑνός.
2404 3217 2411 3226 “

554 3304 813 3396 ἄγκυρα
843 3304 907 3375 δ’
940 3304 985 3395 ἥ
1008 3336 1139 3395 μου
1166 3308 1283 3389 τὰς
1314 3310 1514 3398 τύχας
1543 3306 1698 3397 ὤχει
1727 3310 1922 3397 μόνη,

558 3407 752 3480 πόσιν
779 3407 932 3478 ποθ’
966 3406 1148 3489 ἥξειν
1179 3418 1301 3480 καί
1317 3408 1376 3494 μ’
1410 3409 1812 3488 ἀπαλλάξειν
1840 3414 2091 3495 κακῶν,
