2492 3900
288 135 413 200 270
1094 137 1484 194 HAEKTPA

518 303 755 395 πήξασ’
790 312 1057 394 ἔρεισον
1082 303 1395 374 σκόλοπι·
1439 302 1554 385 σὸς
1579 303 1708 394 γάρ
1739 307 1878 374 ἐστι
1905 311 2038 373 νῦν

524 416 802 495 δοῦλος,
833 408 1123 497 πάροιθε
1152 405 1482 494 δεσπότης
1507 409 1931 496 κεκλημένος.

290 522 438 582 HA.
523 512 921 599 αἰσχύνομαι
950 512 1107 597 μέν,
1135 509 1468 597 βούλομαι
1495 506 1563 578 δ’
1600 516 1818 579 εἰπεῖν
1843 505 2043 596 ὅμως.
2202 525 2312 578 900

296 623 425 684 ΟΡ.
517 623 587 682 τί
608 622 865 703 χρῆμα;
908 615 1131 699 λέξον,
1166 608 1257 692 ῶς
1286 610 1510 700 φόβου
1538 608 1605 700 γ’
1639 615 1895 695 ἔξωθεν
1923 609 2001 680 εἴ.

290 725 440 786 HA.
522 714 807 806 νεκροὺς
834 711 1169 802 ὑβρίζειν,
1201 712 1294 802 μή
1321 717 1409 802 μέ
1433 741 1534 794 τις
1564 712 1752 807 ψόγῳ
1785 712 1982 804 βάλῃ.

298 827 428 888 ΟΡ.
522 815 650 887 οὐκ
679 824 863 886 ἔστιν
892 812 1119 896 οὐδεὶς
1148 812 1331 897 ὅστις
1359 812 1446 886 ἂν
1479 815 1810 904 μέμψαιτό
1837 837 1935 884 σε.

290 928 443 990 ΗΛ.
525 918 929 1007 δυσάρεστος
957 913 1151 1005 ἡμῶν
1177 921 1292 987 καὶ
1321 917 1692 1007 φιλόψογος
1721 916 1931 998 πόλις.

299 1030 428 1091 ΟΡ.
521 1017 665 1110 λέγ’
699 1033 851 1092 εἴτι
876 1020 1135 1110 χρῄζεις
1154 1073 1172 1107 ,
1202 1018 1487 1109 σύγγον’
1511 1044 1524 1058 ·
1559 1018 1953 1090 ἀσπόνδοισι
1981 1018 2112 1111 γὰρ
2207 1037 2316 1090 905

523 1124 832 1212 νόμοισιν
860 1130 1115 1211 ἔχθραν
1140 1127 1314 1214 τῷδε
1346 1123 1925 1211 συμβεβλήκαμεν.

290 1233 443 1294 HA.
527 1224 695 1295 εἷεν·
729 1221 859 1295 τίν’
896 1222 1109 1313 ἀρχὴν
1141 1224 1374 1312 πρῶτά
1399 1221 1465 1292 σ’
1499 1228 1736 1308 ἐξείπω
1765 1230 2031 1308 κακῶν,

526 1334 718 1409 ποίας
744 1328 1089 1409 τελευτάς;
1123 1335 1274 1396 τίνα
1300 1329 1508 1414 μέσον
1535 1328 1706 1410 τάξω
1740 1327 1974 1413 λόγους

526 1432 639 1498 καὶ
666 1429 801 1517 μὴν
829 1427 922 1496 δι’
958 1427 1238 1518 ὄρθρων
1271 1427 1342 1516 γ’
1374 1425 1614 1499 οὔποτ’
1648 1432 2091 1516 ἐξελίμπανον

524 1527 862 1619 θρυλοῦσ’
896 1527 939 1597 ἅ
968 1529 1037 1618 γ’
1074 1537 1290 1601 εἰπεῖν
1314 1527 1572 1619 ἤθελον
1599 1529 1746 1600 κατ’
1780 1528 1960 1618 ὄμμα
1988 1529 2135 1618 σόν,
2210 1546 2318 1601 910

528 1639 591 1702 εί
617 1631 701 1721 δὴ
729 1639 1051 1722 γενοίμην
1080 1633 1416 1721 δειμάτων
1443 1637 1775 1722 ἐλευθέρα

527 1742 664 1803 τῶν
691 1734 983 1824 πρόσθε·
1014 1742 1148 1804 νῦν
1177 1727 1308 1805 οὖν
1336 1740 1570 1824 ἐσμεν·
1599 1733 1926 1806 ἀποδώσω
1956 1737 2036 1804 δέ
2060 1757 2169 1804 σοι
2450 1817 2451 1824 ¹

526 1834 729 1907 ἐκεῖν’
762 1833 806 1906 ἅ
834 1859 909 1906 σε
936 1834 1128 1921 ζῶντ’
1160 1835 1416 1926 ἤθελον
1445 1842 1624 1922 λέξαι
1651 1837 1841 1907 κακά.
2449 1831 2452 1909 ἱ

528 1937 875 2022 ἀπώλεσάς
904 1968 987 2029 με
1014 1937 1388 2032 κώρφανὴν
1416 1949 1625 2031 φίλου
1654 1938 1900 2029 πατρὸς

528 2046 640 2113 καὶ
668 2041 855 2113 τόνδ’
888 2051 1173 2131 ἔθηκας,
1201 2040 1409 2114 οὐδὲν
1438 2043 1860 2133 η’δικημένος,
2214 2059 2310 2113 915
2447 2074 2450 2155 j

526 2142 828 2234 κᾶγημας
855 2153 1140 2235 αἰσχρῶς
1169 2143 1404 2234 μητέρ’
1438 2144 1654 2236 ἄνδρα
1681 2143 1740 2215 τ’
1779 2153 2049 2224 ἔκτανες

525 2246 1102 2335 στρατηλατοῦνθ’
1144 2244 1497 2336 Ἕλλησιν,
1525 2246 1652 2317 οὐκ
1682 2245 1908 2318 ἐλθῶν
1942 2245 2244 2335 Φρύγας.

529 2354 623 2429 εἰς
652 2355 849 2417 τοῦτο
878 2345 944 2417 δ’
981 2340 1188 2436 ἦλθες
1216 2347 1512 2438 ἀμαθίας
1541 2348 1699 2419 ὥστ’
1735 2348 2019 2438 ἤλπισας

529 2447 617 2531 ῶς
646 2456 740 2531 εἰς
765 2446 830 2520 σ’
862 2449 1031 2540 ἐμὴν
1057 2450 1141 2539 δὴ
1166 2449 1399 2541 μητέρ’
1431 2450 1555 2541 οὐχ
1583 2456 1751 2536 ἕξεις
1777 2450 1990 2539 κακὴν

526 2553 771 2643 γήμας,
804 2558 966 2642 ἐμοῦ
995 2555 1072 2624 δὲ
1098 2553 1348 2644 πατρὸς
1376 2552 1633 2644 ἠδίκεις
1662 2558 1838 2643 λέχη.
2211 2570 2316 2624 920

529 2667 689 2726 ἴστω
718 2655 810 2746 δ’,
832 2654 1003 2727 ὅταν
1029 2686 1127 2737 τις
1156 2655 1464 2736 διολέσας
1499 2655 1802 2744 δάμαρτά
1835 2680 1954 2723 του
2441 2674 2443 2681 ·

526 2775 930 2845 κρυπταῖσιν
960 2756 1189 2839 εὐναῖς
1222 2755 1343 2828 εἶτ’
1377 2756 1779 2848 ἀναγκασθῇ
1807 2764 2060 2845 λαβεῖν,

526 2859 853 2947 δύστηνός
881 2864 1082 2948 ἐστιν,
1106 2867 1169 2929 εἰ
1194 2866 1388 2930 δοκεῖ
1409 2860 1484 2930 τὸ
1511 2875 1898 2949 σωφρονεῖν
1975 2887 1980 2891 ·

526 2964 669 3031 ἐκεῖ
689 2962 813 3049 μὲν
840 2959 1057 3049 αὐτὴν
1086 2960 1212 3031 οὐκ
1242 2970 1449 3051 ἔχειν,
1480 2961 1640 3052 παρ’
1675 2958 1747 3033 οἷ
1768 2959 1835 3031 δ’
1869 2969 2065 3049 ἔχειν.

525 3060 802 3151 ἄλγιστα
831 3061 897 3134 δ’
931 3061 1156 3158 ᾤκεις,
1189 3062 1273 3133 οὐ
1303 3072 1526 3135 δοκῶν
1545 3072 1766 3135 οἰκεῖν
1791 3070 2042 3143 κακῶς·
2209 3079 2312 3133 925

524 3165 795 3258 ᾔδησθα
846 3166 975 3257 γὰρ
1006 3164 1154 3255 δῆτ’
1189 3163 1470 3237 ἀνόσιον
1496 3166 1710 3255 γήμας
1738 3167 1973 3256 γάμον,

525 3268 738 3356 μήτηρ
765 3268 841 3338 δὲ
868 3265 934 3337 σ’
970 3268 1191 3359 ἄνδρα
1217 3275 1518 3358 δυσσεβῆ
1546 3272 1935 3358 κεκτημένη.

526 3366 730 3457 ἄμφω
758 3369 1033 3458 πονηραὶ
1064 3368 1129 3439 δ’
1162 3368 1310 3441 ὅντ’
1344 3370 1800 3459 ἀφαιρεῖσθον
1827 3370 2057 3457 τύχην,

521 3477 714 3557 κείνη
740 3498 812 3541 τε
839 3470 963 3559 τὴν
990 3469 1119 3557 σὴν
1146 3474 1261 3541 καὶ
1289 3471 1377 3542 σὺ
1406 3469 1756 3561 τούκείνης
1782 3471 2012 3542 κακόν.
