2492 3900
135 380 264 441 ΙΠ.
373 384 496 439 ποῖ
521 366 684 458 δῆθ’
717 365 754 439 ὁ
782 369 1050 457 τλήμων
1075 372 1438 461 τρέψομαις
1468 378 1647 452 τίνος
1674 374 1886 455 ξένων

139 582 290 643 ΘΗ.

135 786 264 845 ΙΠ.

138 988 288 1049 ΘΗ.

133 1192 262 1252 ΙΠ.

138 1394 286 1455 ΘΙΙ.

135 1597 262 1659 III.

32 1938 34 1990 ἐ
138 1871 284 1964 ΘΗ.

136 2107 262 2167 ΙΠ.

137 2307 284 2370 ΘΗ.

137 2513 262 2574 ΙΠ.

141 2715 287 2777 ΘΗ.

142 2919 262 2983 ΙΠ.

915 202 1434 263 ΙΠΠΟΛΤΤΟΣ

375 472 624 560 δόμους
651 478 860 559 ἔσειμι
887 467 1037 561 τῇδ’
1069 469 1178 541 ἐπ’
1209 478 1389 561 αἰτίᾳ
1419 474 1693 561 φυγών;

375 569 554 654 ὅστις
587 582 933 663 γυναικῶν
958 580 1307 661 λυμεῶνας
1335 570 1564 663 ἥδεται

371 678 604 759 ξένους
629 681 917 763 κομίζων
942 676 1056 744 καὶ
1082 675 1573 766 συνοικούρους
1599 686 1848 748 κακῶν.

373 783 546 847 αἰαῖ·
579 779 747 866 πρὸς
773 767 954 866 ἧπαρ
984 778 1303 868 δακρύων
1334 775 1397 847 τ’
1430 778 1629 869 ἐγγὺς
1657 779 1831 869 τόδε,

375 884 440 947 εἰ
463 876 546 966 δὴ
575 879 776 960 κακός
803 906 882 967 γε
918 886 1242 967 φαίνομαι
1273 885 1453 950 δοκῶ
1481 885 1559 951 τέ
1585 880 1714 952 σοι.

367 978 516 1049 τότε
543 980 883 1065 στενάζειν
907 983 1022 1050 καὶ
1049 982 1586 1070 προγιγνώσκειν
1613 982 1683 1053 σ’
1712 988 1932 1074 ἐχρῆν,

374 1079 474 1151 ὅτ’
513 1089 607 1162 εἰς
634 1083 951 1175 πατρῴαν
979 1080 1220 1171 ἄλοχον
1246 1081 1547 1173 ὑβρίζειν
1574 1093 1781 1173 ἔτλης.

371 1176 425 1252 03
455 1182 734 1273 δώματ’,
767 1194 914 1255 εἴθε
943 1187 1221 1275 φθέγμα
1254 1186 1679 1275 γηρύσαισθέ
1701 1214 1813 1275 μοι
1875 1256 1881 1262 .

371 1288 484 1355 καὶ
510 1284 994 1376 μαρτυρήσαιτ’
1029 1292 1092 1356 εἰ
1113 1286 1318 1369 κακὸς
1350 1285 1604 1377 πέφυκ’
1636 1285 1829 1378 ἀνήρ.

369 1394 463 1468 εἰς
496 1386 654 1469 τούς
683 1386 1002 1475 ἀφώνους
1030 1389 1371 1480 μάρτυρας
1399 1388 1675 1477 φεύγεις
1704 1400 1937 1479 σοφῶς
1960 1412 1974 1427 ·

366 1489 441 1558 τὸ
469 1482 531 1557 δ’
549 1496 750 1579 ἔργον
783 1487 867 1559 οὗ
895 1493 1092 1579 λέγον
1122 1512 1196 1561 σε
1221 1490 1464 1579 μηνύει
1492 1492 1721 1561 κακόν.
1800 1530 1805 1535 ·

369 1593 504 1679 φεῦ
520 1614 535 1629 ·

285 1766 290 1769 ,
372 1691 510 1761 εἶθ’
541 1683 628 1781 ἦν
657 1691 949 1781 ἐμαυτὸν
979 1697 1432 1783 προσβλέπειν
1457 1698 1765 1764 ἐναντίον

370 1792 642 1881 στάνθ’,
675 1792 764 1875 ὥς
793 1791 1112 1884 ἐδάκρυσ’
1147 1791 1259 1863 οἷα
1284 1796 1624 1884 πάσχομεν
1651 1798 1843 1865 κακά.

368 1902 594 1988 πολλω
622 1922 699 1984 γε
726 1902 982 1985 μᾶλλον
1009 1894 1264 1967 σαυτὸν
1290 1894 1583 1987 ἤσκησας
1611 1900 1839 1986 σέβειν

367 1993 412 2084 ἢ
438 2025 596 2079 τους
622 1999 937 2080 τεκόντας
963 2021 1114 2068 οσια
1143 2005 1349 2122 δρᾶν,
1381 2005 1641 2080 δίκαιος
1670 2028 1785 2078 ων.

371 2127 422 2168 ω
453 2100 862 2170 δυστάλαινα
889 2107 1131 2190 μῆτερ,
1163 2129 1216 2170 ω
1248 2104 1485 2191 πικραὶ
1510 2111 1739 2191 γοναί·

367 2206 602 2288 μηδείς
631 2199 780 2271 ποτ’
817 2213 919 2290 εἴη
947 2231 1085 2272 των
1115 2206 1297 2291 ἐμῶν
1325 2209 1549 2292 φίλων
1575 2204 1802 2286 νόθος.

366 2299 490 2390 οὐχ
520 2301 724 2387 ἕλξετ’
757 2301 1002 2393 αυτόν,
1033 2311 1283 2394 δμωες;
1318 2303 1443 2374 οὐκ
1473 2303 1753 2376 ἀκούετε

366 2405 573 2474 πάλαι
600 2409 963 2486 ξενοῦσθαι
992 2407 1192 2476 τόνδε
1221 2409 1739 2494 προυννὲποντά
1766 2437 1881 2496 με;

370 2513 627 2576 κλαίων
654 2535 754 2586 τις
782 2503 1012 2576 αὐτῶν
1039 2499 1150 2594 ἆρ’
1183 2511 1349 2596 ἐμοῦ
1377 2535 1454 2595 γε
1485 2512 1775 2590 θίξεται·

368 2607 455 2676 σὺ
485 2603 552 2676 δ’
587 2605 824 2696 αὐτός,
858 2618 927 2677 εἴ
947 2631 1052 2678 σοι
1077 2610 1331 2697 θυμός,
1361 2609 1599 2692 ἐξώθει
1626 2611 1891 2697 χθονός.

370 2709 598 2799 δράσω
627 2706 803 2797 τάδ’,
836 2717 902 2779 εἰ
922 2710 1012 2798 μὴ
1042 2725 1180 2792 τοῖς
1208 2714 1389 2799 ἐμοῖς
1416 2719 1632 2781 πείσει
1660 2711 1884 2798 λόγοις
1901 2734 1915 2747 ·

371 2809 454 2880 οὐ
484 2811 612 2901 γάρ
642 2809 745 2892 τις
770 2811 990 2892 οἶκτος
1017 2820 1136 2902 σῆς
1167 2809 1238 2901 μ’
1266 2813 1621 2903 ὑπέρχεται
1650 2820 1889 2901 φυγῆς.

365 2909 653 3002 ἄραρεν,
685 2911 777 2994 ὥς
805 2921 1022 2984 ἔοικεν
1043 2936 1056 2950 ·
1089 2905 1144 2983 οἷ
1170 2914 1370 2995 τάλας
1396 2915 1559 3002 ἐγώ·

371 3011 462 3094 ὥς
489 3013 642 3084 οἶδα
667 3014 793 3102 μὲν
818 3015 1033 3103 ταῦτ’,
1065 3016 1217 3084 οἶδα
1247 3013 1311 3084 δ’
1346 3013 1471 3104 οὐχ
1498 3013 1678 3096 ὅπως
1706 3017 1961 3106 φράσω.

372 3107 426 3183 ὦ
457 3117 738 3204 φιλτάτη
762 3144 876 3204 μοι
905 3118 1247 3205 δαιμόνων
1273 3124 1538 3205 Λητοῦς
1564 3119 1731 3206 κόρη

369 3218 678 3312 σύνθασιε
703 3218 1117 3309 συγκύναγε,
1149 3219 1629 3308 φευξούμεσθα
1660 3218 1743 3307 δὴ

369 3319 639 3403 κλεινὰς
665 3316 974 3408 Ἀθήνας.
1010 3318 1179 3390 ἀλλὰ
1209 3318 1487 3409 χαίρετ’,
1521 3313 1575 3390 ὦ
1604 3322 1795 3401 πόλις

372 3424 485 3490 καὶ
512 3420 649 3510 γαῖ’
691 3419 1085 3512 Ἐρεχθέως·
1115 3415 1170 3492 ὦ
1199 3427 1405 3494 πέδον
1442 3423 1855 3514 Τροιζήνιον,

372 3519 460 3604 ὥς
489 3527 879 3614 ἐγκαθηβᾶν
905 3522 1100 3595 πόλλ’
1135 3533 1302 3614 ἔχεις
1336 3523 1727 3613 εὐδαίμονα,

303 3641 484 3681 Evam.
523 3643 650 3682 vot.
697 3627 739 3682 1.

1739 3619 1822 3681 29

2026 204 2155 269 449

2020 798 2155 852 1070

1921 1372 1925 1374 ς
2018 1307 2151 1361 1075

2016 1916 2150 1970 1080

2014 2428 2150 2481 1085

2014 2933 2151 2987 1090

2015 3437 2155 3492 1095
