2492 3900
907 703 1722 784 ΕΥΡΙΠΙΔΟΥ

321 884 1094 973 ΗΡΑΚΛΗΣ
1167 885 2287 970 ΜΑΙΝΟΜΕΝΟΣ.

345 1187 398 1301 ¹)

295 1349 458 1411 AM.
535 1346 648 1419 Τίς
675 1336 797 1408 τὸν
823 1337 992 1420 Διὸς
1019 1341 1431 1428 σύλλεκτρον
1458 1337 1587 1408 οὐκ
1612 1338 1799 1407 οἶδεν
1829 1343 2117 1425 βροτῶν,

519 1439 822 1529 Ἀργεῖον
847 1436 1325 1530 Ἀμφιτρύων’,
1360 1441 1443 1510 ὃν
1470 1439 1773 1519 Ἀλκαῖός
1808 1464 1966 1508 ποτε

527 1536 746 1628 ἔτιχθ’
775 1536 813 1609 ὁ
837 1546 1184 1630 Περσέως,
1213 1545 1465 1632 πατέρα
1491 1539 1677 1612 τόνδ’
1698 1537 2141 1664 Ἡρακλέουςς

528 1641 604 1726 ὃς
627 1643 832 1712 τάσδε
861 1643 1087 1731 Θήβας
1112 1653 1327 1736 ἔσχεν,
1364 1642 1517 1714 ἕνθ’
1550 1641 1587 1713 ὃ
1614 1640 1903 1732 γηγενὴς

527 1753 845 1834 σπαρτῶν
875 1746 1120 1833 στάχυς
1147 1754 1490 1836 ἔβλαστεν,
1521 1737 1619 1814 ῶν
1647 1749 1889 1832 γένους
1908 1740 2118 1832 ’Ἄρης
2282 1756 2313 1809 5

529 1845 726 1917 ἒσωσ’
759 1845 1060 1937 ἀριθμὸν
1087 1846 1339 1937 ὀλίγον,
1368 1857 1440 1918 οἳ
1462 1849 1747 1936 Κάδμου
1778 1845 1977 1915 πόλιν

527 1959 839 2021 τεκνοῦσι
875 1958 1140 2022 παίδων
1169 1960 1425 2022 παισίν.
1487 1959 1693 2021 ἔνθεν
1721 1952 1923 2037 ἐξέφυ

527 2054 770 2142 Κρέων
795 2057 1191 2136 Μενοικέως
1219 2070 1395 2140 παῖς,
1426 2051 1591 2135 αναξ
1619 2057 1822 2141 τῆσδε
1846 2048 2115 2138 χθονός.

529 2155 771 2243 Κρέων
798 2156 875 2224 δὲ
899 2157 1226 2279 Μεγάρας
1251 2162 1455 2244 τῆσδε
1487 2161 1788 2243 γίγνεται
1817 2152 2054 2240 πατήρ,

532 2252 619 2341 ἢν
653 2256 896 2336 πάντες
923 2254 1302 2343 ὑμεναίοισι
1328 2264 1666 2346 Καδμεῖοί
1686 2283 1845 2326 ποτε
2250 2263 2310 2318 10

529 2364 719 2447 λωτῷ
753 2359 1239 2446 συνηλάλαξαν,
1269 2356 1440 2447 ἡνίκ’
1476 2366 1569 2439 είς
1596 2356 1799 2447 ἐμους

532 2455 840 2546 δόμους
810 2488 846 2527 ο
874 2460 1136 2542 κλεινὸς
1162 2458 1492 2551 Ἡρακλῆς
1518 2488 1632 2529 νιν
1655 2456 1873 2547 ἤγετο.

529 2560 746 2631 λιπών
775 2563 850 2631 δὲ
879 2563 1134 2651 Θήβας,
1171 2554 1260 2632 οὗ
1289 2570 1722 2655 κατῳκίσθην
1748 2558 1899 2649 ἐγώ,

530 2666 864 2754 Μεγάραν
888 2692 960 2734 τε
987 2667 1190 2754 τήνδε
1217 2660 1600 2753 πενθερούς
1627 2691 1701 2733 τε
1728 2678 1881 2742 παῖς
1908 2655 2061 2747 ἐμὸς

526 2765 788 2859 Ἀργεῑα
814 2774 997 2854 τείχη
1025 2770 1139 2835 καὶ
1166 2772 1583 2836 Κυκλωπίαν
1610 2765 1808 2835 πόλιν
2248 2770 2309 2827 15

532 2866 802 2957 ὠρέξατ’
829 2872 1060 2953 οἰκεῖν,
1096 2864 1183 2955 ἣν
1210 2868 1342 2956 ἐγώ
1375 2868 1607 2958 φεύγω
1637 2864 1902 2936 κτανών
2067 2880 2082 2894 ’

523 2968 988 3054 Ἠλεκτρύωνα
1006 2991 1020 3005 ·
1052 2970 1406 3060 συμφορὰς
1432 2971 1509 3040 δὲ
1534 2968 1650 3050 τὰς
1680 2967 1837 3057 ἐμὰς

531 3074 976 3159 ἐξευμαρίζων
1003 3074 1116 3140 καὶ
1142 3072 1405 3161 πάτραν
1437 3079 1650 3142 οἰκεῖν
1681 3075 1927 3155 θέλων,

528 3171 832 3241 καθόδου
870 3179 1108 3243 δίδωσι
1135 3173 1387 3262 μισθὸν
1412 3172 1775 3264 Εὐρυσθεῖ
1794 3174 2024 3261 μέγαν,

529 3276 934 3364 ἐξημερῶσαι
962 3294 1181 3366 γαῖαν,
1213 3273 1352 3347 εἴθ’
1377 3274 1587 3368 ε’Ἠροις
1616 3273 1749 3346 ὕπο
2243 3282 2302 3333 2⁰

529 3377 828 3467 κέντροις
856 3384 1225 3468 δαμασθεὶς
1256 3390 1387 3448 εἴτε
1415 3387 1535 3448 τοῦ
1562 3376 1780 3469 χρεων
1807 3377 1989 3465 μέτα.

531 3478 643 3545 καὶ
668 3480 828 3561 τούς
854 3482 978 3568 μὲν
1013 3479 1255 3560 ἄλλους
1285 3477 1731 3568 ἐξεμόχθησεν
1762 3479 2035 3561 πόνους,
