2492 3900
305 130 432 197 446

310 1431 448 1495 XO.

310 1636 429 1697 ῙΠ.

1061 132 1100 190 1
1101 132 1166 189 11
1167 132 1234 189 11
1233 132 1350 190 ΟΛ
1356 132 1578 190 ΤΤΟΣ

537 299 610 370 τὸ
641 298 705 368 δ’
745 297 952 388 ἄρσεν
981 295 1230 378 αὐτούς
1258 294 1513 386 ὠφελεῖ
1538 307 2045 386 προσκείμενον.
2202 321 2297 377 970

538 409 670 471 νῦν
697 393 827 470 οὖν
855 409 925 469 τί
945 407 1153 470 ταῦτα
1181 414 1323 480 σοῖς
1352 396 1727 489 ἆμιλλῶμαι
1755 400 1984 489 λόγοις

536 511 786 593 νεκροῦ
813 502 1144 592 παρόντος
1171 501 1509 592 μάρτυρος
1532 503 1995 590 σαφεστάτους

537 609 762 695 ἕξερρε
789 613 983 696 γαίας
1008 602 1196 692 τῆσδ’
1241 600 1407 675 ὅσον
1431 604 1627 692 τάχος
1660 606 1905 692 φυγάς,

537 710 650 777 καὶ
677 706 829 796 μήτ’
867 704 1159 795 Ἀθήνας
1184 706 1301 787 τὰς
1327 703 1751 795 θεοδμήτους
1776 708 2009 797 μόλῃς,

535 806 687 898 μήτ’
727 817 821 891 εἰς
847 806 1052 898 ὅρους
1077 816 1200 897 γῆς
1226 800 1307 897 ἧς
1335 807 1498 899 ἐμὸν
1526 824 1766 898 κρατεῖ
1795 808 1985 899 δόρυ.
2214 828 2305 884 975

539 920 602 982 εἰ
626 910 752 1000 γὰρ
789 907 1034 982 παθόν
1060 939 1138 1000 γε
1173 918 1298 983 σοῦ
1327 908 1476 982 τάδ’
1506 907 1998 1001 ἡσσηθήσομαι,

536 1011 620 1084 οὐ
646 1014 1058 1105 μαρτυρήσει
1084 1011 1152 1102 μ’
1183 1011 1488 1103 Ἴσθμιος
1516 1020 1715 1095 Σίνις
1742 1014 1925 1095 ποτὲ,

538 1132 809 1188 κτανεῖν
841 1117 1114 1203 ἑαυτόν,
1145 1114 1317 1185 ἀλλὰ
1342 1116 1703 1204 κομπάζειν
1727 1117 1967 1205 μάτην,

538 1216 690 1289 οὐδ’
723 1224 800 1290 αἰ
835 1222 1146 1309 θαλάσσῃ
1189 1219 1518 1307 σύννομοι
1546 1225 2000 1303 Σκειρωνίδες

539 1322 835 1409 φήσουσι
863 1324 1098 1413 πέτραι
1126 1335 1265 1402 τοῖς
1292 1336 1522 1402 κακοῖς
1550 1318 1625 1410 μ’
1660 1319 1833 1389 εἶναι
1864 1323 2109 1409 βαρύν.
2220 1341 2313 1395 980

536 1422 821 1521 οὐκοῖδ’
853 1420 1036 1504 ὅπως
1065 1420 1312 1511 εἴποιμ’
1346 1418 1431 1491 ἂν
1461 1420 1771 1511 εὐτυχεῖν
1796 1451 1947 1492 τινα

535 1532 841 1614 θνητῶν·
869 1523 951 1593 τὰ
979 1524 1108 1613 γὰρ
1143 1525 1228 1614 δὴ
1258 1522 1949 1614 πρῶτ”ἄνέστραπται
1980 1527 2205 1597 πάλιν.

534 1627 774 1717 πάτερ,
807 1630 1005 1716 μένος
1029 1628 1156 1715 μὲν
1188 1626 1498 1710 ξύστασίς
1522 1656 1597 1697 τε
1622 1634 1763 1697 σῶν
1790 1636 2069 1717 φρενῶν

537 1731 754 1819 δεινή·
784 1729 860 1799 τὸ
887 1732 1116 1818 μέντοι
1149 1726 1403 1819 πρᾶγμ’
1436 1737 1590 1817 ἔχον
1615 1728 1861 1811 καλοὺς
1900 1731 2164 1819 λόγους,

543 1842 608 1901 εἰ
630 1860 730 1913 τις
757 1832 1215 1919 διαπτύξειεν,
1246 1828 1331 1901 οὗ
1364 1831 1575 1901 καλὸν
1601 1832 1774 1902 τόδε.
2215 1848 2314 1905 985

540 1932 670 2022 ἐγώ
703 1930 768 2005 δ’
802 1931 1100 2023 ἄκομψος
1129 1940 1222 2017 εἰς
1251 1930 1455 2022 ὄχλον
1483 1941 1727 2006 δοῦναι
1754 1935 1979 2024 λόγον,

540 2043 632 2116 εἰς
659 2033 894 2125 ἥλικας
924 2038 999 2107 δὲ
1027 2035 1360 2126 κώλίγους
1390 2037 1792 2128 σοφώτερος.

539 2146 671 2226 ἔχει
700 2140 776 2210 δὲ
802 2155 1046 2230 μοῖραν
1071 2141 1186 2209 καὶ
1211 2136 1355 2210 τόδ’
1376 2161 1392 2177 ·
1426 2144 1497 2208 οἱ
1515 2137 1645 2229 γὰρ
1673 2143 1748 2209 ἐν
1773 2153 2014 2225 σοφοῖς

537 2247 786 2328 φαῦλοι
814 2237 976 2328 παρ’
1011 2237 1187 2334 ὄχλῳ
1212 2240 1698 2330 μουσικώτεροι
1727 2242 1968 2328 λέγειν.

541 2338 720 2431 ὅμως
747 2338 811 2410 δ’
844 2339 1140 2431 ἀνάγκη,
1171 2350 1528 2433 συμφορᾶς
1557 2341 1953 2432 ἀφιγμένης,
2212 2359 2321 2414 990

536 2444 850 2534 γλῶσσάν
875 2441 946 2532 μ’
989 2442 1283 2534 ἀφεῖναι.
1314 2454 1545 2535 πρῶτα
1587 2442 1652 2514 δ’
1684 2443 1967 2533 ἄρξομαι
1993 2446 2219 2534 λέγειν

539 2545 709 2617 ὅθεν
734 2546 806 2635 μ’
838 2545 1142 2636 ὑπῆλθες
1167 2554 1439 2638 πρῶτον
1468 2544 1557 2629 ὥς
1582 2553 1986 2637 διαφθερῶν

541 2647 667 2719 οὐκ
696 2645 1124 2732 άντιλέξοντ’.
1159 2655 1424 2741 εἰσορᾷς
1452 2649 1621 2738 φάος
1648 2650 1803 2720 τόδε

537 2754 649 2821 καὶ
677 2767 909 2840 γαῖαν·
942 2756 1016 2822 ἐν
1050 2750 1261 2822 τοῖσδ’
1294 2750 1421 2822 οὐκ
1452 2748 1665 2822 ἔνεστ’
1700 2748 1873 2841 ἀνὴρ
1903 2757 2095 2839 ἐμοῦ,

537 2850 691 2924 οὐδ’
724 2850 811 2941 ἢν
838 2853 925 2924 σὺ
953 2854 1042 2943 μὴ
1073 2861 1235 2945 φῇς,
1266 2857 1809 2946 σωφρονέστερος
1836 2852 2067 2941 γεγώς.
2214 2869 2321 2925 995

537 2960 888 3044 ἐπίσταμαι
919 2955 1048 3046 γὰρ
1079 2963 1311 3048 πρῶτα
1340 2957 1465 3045 μὲν
1492 2956 1699 3037 θεοὺς
1726 2958 1973 3043 σέβειν,

541 3066 765 3144 φίλοις
792 3087 862 3128 τε
888 3065 1180 3148 χρῆσθαι
1206 3058 1296 3148 μὴ
1328 3057 1591 3130 ἀδικεῖν
1618 3060 2079 3148 πειρωμένοις,

535 3157 680 3228 ἀλλ’
717 3157 892 3230 οἷσιν
919 3160 1124 3242 αἰδώς
1151 3158 1306 3250 μήτ’
1340 3165 1773 3250 ἐπαγγέλλειν
1800 3158 1973 3230 κακὰ

533 3259 684 3347 μήτ’
718 3259 1234 3350 ἀνθυπουργεῖν
1262 3263 1499 3352 αἰσχρὰ
1527 3280 1697 3334 τοῖσι
1722 3264 2119 3352 χρωμένοις·

536 3357 662 3426 οὐκ
691 3361 1085 3450 ἐγγελαστὴς
1112 3370 1247 3432 τῶν
1278 3361 1731 3451 ὁμιλούντων,
1760 3363 1991 3452 πάτερ,
2180 3382 2323 3434 1000

533 3455 681 3524 ἀλλ’
715 3459 918 3541 αὑτὸς
947 3458 1030 3529 οὐ
1057 3472 1350 3551 παροῦσι
1378 3461 1635 3554 κᾶγγὺς
1662 3460 1762 3534 ὦν
1792 3471 2009 3553 φίλος.
2353 3445 2361 3476 ¹
