<?xml version="1.0" encoding="UTF-8"?>
<!DOCTYPE html PUBLIC "-//W3C//DTD XHTML 1.0 Transitional//EN"
    "http://www.w3.org/TR/xhtml1/DTD/xhtml1-transitional.dtd">
<html xmlns="http://www.w3.org/1999/xhtml" xml:lang="en" lang="en">
 <head>
  <title>
</title>
<meta http-equiv="Content-Type" content="text/html;charset=utf-8" />
  <meta name='ocr-system' content='tesseract 3.04.00' />
  <meta name='ocr-capabilities' content='ocr_page ocr_carea ocr_par ocr_line ocrx_word'/>
</head>
<body>
  <div class='ocr_page' id='page_1' title='image "./evripidistragoe03eurigoog/evripidistragoe03eurigoog_0230.png"; bbox 0 0 2492 3900; ppageno 0'>
   <div class='ocr_carea' id='block_1_1' title="bbox 325 153 1469 218">
    <p class='ocr_par' dir='ltr' id='par_1_1' title="bbox 325 153 1469 218">
     <span class='ocr_line' id='line_1_1' title="bbox 325 153 1469 218; baseline -0.003 -1"><span class='ocrx_word' id='word_1_1' title='bbox 325 153 438 218; x_wconf 77' lang='lat'><em>120</em></span> <span class='ocrx_word' id='word_1_2' title='bbox 1141 156 1469 214; x_wconf 83' lang='lat' dir='ltr'><em>BAKXAI</em></span> 
     </span>
    </p>
   </div>
   <div class='ocr_carea' id='block_1_2' title="bbox 315 321 2320 2136">
    <p class='ocr_par' dir='ltr' id='par_1_2' title="bbox 315 321 2320 2136">
     <span class='ocr_line' id='line_1_2' title="bbox 544 321 1689 412; baseline -0.003 -19"><span class='ocrx_word' id='word_1_3' title='bbox 544 321 583 393; x_wconf 82' lang='grc' dir='ltr'>ὅ</span> <span class='ocrx_word' id='word_1_4' title='bbox 610 351 673 393; x_wconf 88' lang='grc' dir='ltr'><em>τι</em></span> <span class='ocrx_word' id='word_1_5' title='bbox 703 322 911 393; x_wconf 85' lang='grc' dir='ltr'><em>καλὸν</em></span> <span class='ocrx_word' id='word_1_6' title='bbox 938 331 1142 412; x_wconf 86' lang='grc' dir='ltr'><em>φίλον</em></span> <span class='ocrx_word' id='word_1_7' title='bbox 1179 322 1302 394; x_wconf 88' lang='grc' dir='ltr'><em>ἀεί.</em></span> <span class='ocrx_word' id='word_1_8' title='bbox 1684 395 1689 399; x_wconf 59' lang='grc'><em>,</em></span> 
     </span>
     <span class='ocr_line' id='line_1_3' title="bbox 545 417 1606 513; baseline -0.004 -17"><span class='ocrx_word' id='word_1_9' title='bbox 545 423 886 513; x_wconf 78' lang='grc' dir='ltr'><em>εὐδαίμων</em></span> <span class='ocrx_word' id='word_1_10' title='bbox 911 426 1034 513; x_wconf 74' lang='grc' dir='ltr'><em>μὲν</em></span> <span class='ocrx_word' id='word_1_11' title='bbox 1061 421 1134 505; x_wconf 77' lang='grc' dir='ltr'><em>ὃς</em></span> <span class='ocrx_word' id='word_1_12' title='bbox 1161 429 1234 494; x_wconf 85' lang='grc' dir='ltr'><em>ἐκ</em></span> <span class='ocrx_word' id='word_1_13' title='bbox 1266 417 1606 504; x_wconf 85' lang='grc' dir='ltr'><em>θαλάσσας</em></span> 
     </span>
     <span class='ocr_line' id='line_1_4' title="bbox 544 524 1653 615; baseline -0.002 -19"><span class='ocrx_word' id='word_1_14' title='bbox 544 535 757 614; x_wconf 74' lang='grc' dir='ltr'><em>ἔφυγε</em></span> <span class='ocrx_word' id='word_1_15' title='bbox 783 542 1009 615; x_wconf 79' lang='grc' dir='ltr'><em>χεῖμα,</em></span> <span class='ocrx_word' id='word_1_16' title='bbox 1037 529 1275 613; x_wconf 82' lang='grc' dir='ltr'><strong><em>λιμένα</em></strong></span> <span class='ocrx_word' id='word_1_17' title='bbox 1300 524 1367 595; x_wconf 89' lang='grc' dir='ltr'><em>δ’</em></span> <span class='ocrx_word' id='word_1_18' title='bbox 1404 533 1653 612; x_wconf 79' lang='grc' dir='ltr'><em>ἔκιχεν·</em></span> 
     </span>
     <span class='ocr_line' id='line_1_5' title="bbox 545 624 1684 716; baseline 0 -21"><span class='ocrx_word' id='word_1_19' title='bbox 545 625 886 716; x_wconf 72' lang='grc' dir='ltr'><em>εὐδαίμων</em></span> <span class='ocrx_word' id='word_1_20' title='bbox 921 625 982 696; x_wconf 87' lang='grc' dir='ltr'><em>δ’</em></span> <span class='ocrx_word' id='word_1_21' title='bbox 1017 624 1090 707; x_wconf 79' lang='grc' dir='ltr'><em>ὃς</em></span> <span class='ocrx_word' id='word_1_22' title='bbox 1117 624 1381 715; x_wconf 74' lang='grc' dir='ltr'><em>ὕπερθε</em></span> <span class='ocrx_word' id='word_1_23' title='bbox 1408 625 1684 715; x_wconf 88' lang='grc' dir='ltr'><em>μόχθων</em></span> 
     </span>
     <span class='ocr_line' id='line_1_6' title="bbox 544 726 2320 819; baseline 0.001 -20"><span class='ocrx_word' id='word_1_24' title='bbox 544 726 795 817; x_wconf 75' lang='grc' dir='ltr'><em>ἐγένεθ’</em></span> <span class='ocrx_word' id='word_1_25' title='bbox 818 751 832 767; x_wconf 94' lang='grc'><em>·</em></span> <span class='ocrx_word' id='word_1_26' title='bbox 863 732 1056 816; x_wconf 82' lang='grc' dir='ltr'><em>ἕτερα</em></span> <span class='ocrx_word' id='word_1_27' title='bbox 1085 727 1147 798; x_wconf 86' lang='grc' dir='ltr'><em>δ’</em></span> <span class='ocrx_word' id='word_1_28' title='bbox 1183 732 1407 817; x_wconf 80' lang='grc' dir='ltr'><em>ἔτερος</em></span> <span class='ocrx_word' id='word_1_29' title='bbox 1436 732 1667 816; x_wconf 82' lang='grc' dir='ltr'><em>ἕτερον</em></span> <span class='ocrx_word' id='word_1_30' title='bbox 2117 806 2127 819; x_wconf 42' lang='grc' dir='ltr'><strong><em>Ι</em></strong></span> <span class='ocrx_word' id='word_1_31' title='bbox 2216 746 2320 801; x_wconf 82' lang='lat'><em>905</em></span> 
     </span>
     <span class='ocr_line' id='line_1_7' title="bbox 542 828 1575 920; baseline 0 -22"><span class='ocrx_word' id='word_1_32' title='bbox 542 828 721 920; x_wconf 78' lang='grc' dir='ltr'><em>ὄλβῳ</em></span> <span class='ocrx_word' id='word_1_33' title='bbox 750 832 864 899; x_wconf 80' lang='grc' dir='ltr'><em>καὶ</em></span> <span class='ocrx_word' id='word_1_34' title='bbox 891 831 1176 918; x_wconf 89' lang='grc' dir='ltr'><em>δυνάμει</em></span> <span class='ocrx_word' id='word_1_35' title='bbox 1202 838 1575 919; x_wconf 78' lang='grc' dir='ltr'><strong><em>παρῆλθεν.</em></strong></span> 
     </span>
     <span class='ocr_line' id='line_1_8' title="bbox 541 932 1249 1020; baseline 0.003 -21"><span class='ocrx_word' id='word_1_36' title='bbox 541 939 777 1020; x_wconf 88' lang='grc' dir='ltr'><em>μυρίαι</em></span> <span class='ocrx_word' id='word_1_37' title='bbox 806 932 882 1001; x_wconf 72' lang='grc' dir='ltr'><em>δὲ</em></span> <span class='ocrx_word' id='word_1_38' title='bbox 907 939 1249 1020; x_wconf 85' lang='grc' dir='ltr'><em>μυρίοισιν</em></span> 
     </span>
     <span class='ocr_line' id='line_1_9' title="bbox 544 1024 1371 1120; baseline -0.001 -19"><span class='ocrx_word' id='word_1_39' title='bbox 544 1031 625 1102; x_wconf 82' lang='grc' dir='ltr'><em>ἔτ’</em></span> <span class='ocrx_word' id='word_1_40' title='bbox 663 1030 788 1101; x_wconf 72' lang='grc' dir='ltr'><em>είσ’</em></span> <span class='ocrx_word' id='word_1_41' title='bbox 824 1037 1118 1113; x_wconf 81' lang='grc' dir='ltr'><em>ἐλπίδες·</em></span> <span class='ocrx_word' id='word_1_42' title='bbox 1149 1024 1219 1102; x_wconf 76' lang='grc' dir='ltr'><em>αἳ</em></span> <span class='ocrx_word' id='word_1_43' title='bbox 1246 1032 1371 1120; x_wconf 74' lang='grc' dir='ltr'><em>μὲν</em></span> 
     </span>
     <span class='ocr_line' id='line_1_10' title="bbox 540 1131 1247 1224; baseline -0.001 -21"><span class='ocrx_word' id='word_1_44' title='bbox 540 1141 941 1203; x_wconf 76' lang='grc' dir='ltr'><strong><em>τελευτῶσιν</em></strong></span> <span class='ocrx_word' id='word_1_45' title='bbox 968 1138 1042 1203; x_wconf 74' lang='grc' dir='ltr'><em>ἐν</em></span> <span class='ocrx_word' id='word_1_46' title='bbox 1068 1131 1247 1224; x_wconf 74' lang='grc' dir='ltr'><em>ὄλβῳ</em></span> 
     </span>
     <span class='ocr_line' id='line_1_11' title="bbox 540 1233 1435 1324; baseline -0.003 -19"><span class='ocrx_word' id='word_1_47' title='bbox 540 1243 835 1324; x_wconf 77' lang='grc' dir='ltr'><em>βροτοῖς,</em></span> <span class='ocrx_word' id='word_1_48' title='bbox 866 1235 934 1304; x_wconf 73' lang='grc' dir='ltr'><em>αἳ</em></span> <span class='ocrx_word' id='word_1_49' title='bbox 964 1233 1028 1303; x_wconf 89' lang='grc' dir='ltr'><em>δ’</em></span> <span class='ocrx_word' id='word_1_50' title='bbox 1063 1233 1435 1323; x_wconf 81' lang='grc' dir='ltr'><em>ἀπέβησαν·</em></span> 
     </span>
     <span class='ocr_line' id='line_1_12' title="bbox 540 1327 2315 1427; baseline 0.002 -23"><span class='ocrx_word' id='word_1_51' title='bbox 540 1334 616 1406; x_wconf 85' lang='grc' dir='ltr'><em>τὸ</em></span> <span class='ocrx_word' id='word_1_52' title='bbox 645 1337 721 1405; x_wconf 72' lang='grc' dir='ltr'><em>δὲ</em></span> <span class='ocrx_word' id='word_1_53' title='bbox 751 1334 885 1406; x_wconf 87' lang='grc' dir='ltr'><em>κατ’</em></span> <span class='ocrx_word' id='word_1_54' title='bbox 916 1327 1094 1426; x_wconf 83' lang='grc' dir='ltr'><em>ἦμαρ</em></span> <span class='ocrx_word' id='word_1_55' title='bbox 1125 1333 1257 1427; x_wconf 74' lang='grc' dir='ltr'><em>ὅτῳ</em></span> <span class='ocrx_word' id='word_1_56' title='bbox 1283 1342 1501 1422; x_wconf 79' lang='grc' dir='ltr'><em>βίοτος</em></span> <span class='ocrx_word' id='word_1_57' title='bbox 2212 1353 2315 1408; x_wconf 85' lang='grc'><em>910</em></span> 
     </span>
     <span class='ocr_line' id='line_1_13' title="bbox 542 1434 1302 1527; baseline -0.004 -21"><span class='ocrx_word' id='word_1_58' title='bbox 542 1434 917 1524; x_wconf 87' lang='grc' dir='ltr'><em>εὐδαίμων,</em></span> <span class='ocrx_word' id='word_1_59' title='bbox 946 1444 1302 1527; x_wconf 76' lang='grc' dir='ltr'><em>μακαρίζω.</em></span> 
     </span>
     <span class='ocr_line' id='line_1_14' title="bbox 315 1530 1975 1626; baseline -0.002 -19"><span class='ocrx_word' id='word_1_60' title='bbox 315 1541 432 1601; x_wconf 78' lang='grc' dir='ltr'><em>ΔΙ.</em></span> <span class='ocrx_word' id='word_1_61' title='bbox 539 1538 614 1607; x_wconf 70' lang='grc' dir='ltr'><em>σε</em></span> <span class='ocrx_word' id='word_1_62' title='bbox 641 1535 761 1607; x_wconf 88' lang='grc' dir='ltr'><em>τὸν</em></span> <span class='ocrx_word' id='word_1_63' title='bbox 786 1538 1149 1626; x_wconf 79' lang='grc' dir='ltr'><em>πρόθυμον</em></span> <span class='ocrx_word' id='word_1_64' title='bbox 1176 1530 1334 1607; x_wconf 77' lang='grc' dir='ltr'><em>ὄνθ’</em></span> <span class='ocrx_word' id='word_1_65' title='bbox 1369 1533 1412 1606; x_wconf 73' lang='grc' dir='ltr'><em>ἃ</em></span> <span class='ocrx_word' id='word_1_66' title='bbox 1444 1535 1533 1624; x_wconf 83' lang='grc' dir='ltr'><em>μὴ</em></span> <span class='ocrx_word' id='word_1_67' title='bbox 1561 1535 1780 1625; x_wconf 73' lang='grc' dir='ltr'><em>χρεων</em></span> <span class='ocrx_word' id='word_1_68' title='bbox 1807 1533 1975 1626; x_wconf 82' lang='grc' dir='ltr'><em>ὁρᾶν</em></span> 
     </span>
     <span class='ocr_line' id='line_1_15' title="bbox 538 1637 2013 1725; baseline -0.003 -16"><span class='ocrx_word' id='word_1_69' title='bbox 538 1638 916 1709; x_wconf 79' lang='grc' dir='ltr'><em>σπεύδοντά</em></span> <span class='ocrx_word' id='word_1_70' title='bbox 939 1637 990 1707; x_wconf 89' lang='grc' dir='ltr'><em>τ’</em></span> <span class='ocrx_word' id='word_1_71' title='bbox 1023 1637 1487 1725; x_wconf 84' lang='grc' dir='ltr'><em>ἀσπούδαστα,</em></span> <span class='ocrx_word' id='word_1_72' title='bbox 1515 1639 1791 1707; x_wconf 81' lang='grc' dir='ltr'><em>Πενθέα</em></span> <span class='ocrx_word' id='word_1_73' title='bbox 1818 1641 2013 1725; x_wconf 80' lang='grc' dir='ltr'><em>λέγω,</em></span> 
     </span>
     <span class='ocr_line' id='line_1_16' title="bbox 540 1737 1828 1829; baseline -0.001 -20"><span class='ocrx_word' id='word_1_74' title='bbox 540 1744 714 1822; x_wconf 82' lang='grc' dir='ltr'><em>ἔξιθι</em></span> <span class='ocrx_word' id='word_1_75' title='bbox 740 1741 1030 1829; x_wconf 88' lang='grc' dir='ltr'><em>πάροιθε</em></span> <span class='ocrx_word' id='word_1_76' title='bbox 1058 1740 1405 1828; x_wconf 81' lang='grc' dir='ltr'><em>δωμάτων,</em></span> <span class='ocrx_word' id='word_1_77' title='bbox 1434 1737 1698 1827; x_wconf 74' lang='grc' dir='ltr'><em>ὄφθητί</em></span> <span class='ocrx_word' id='word_1_78' title='bbox 1716 1766 1828 1827; x_wconf 94' lang='grc' dir='ltr'><em>μοι</em></span> 
     </span>
     <span class='ocr_line' id='line_1_17' title="bbox 541 1841 2311 1930; baseline 0.001 -19"><span class='ocrx_word' id='word_1_79' title='bbox 541 1841 794 1930; x_wconf 80' lang='grc' dir='ltr'><em>σκευὴν</em></span> <span class='ocrx_word' id='word_1_80' title='bbox 820 1841 1140 1930; x_wconf 80' lang='grc' dir='ltr'><em>γυναικὸς</em></span> <span class='ocrx_word' id='word_1_81' title='bbox 1166 1842 1488 1930; x_wconf 78' lang='grc' dir='ltr'><em>μαινάδος</em></span> <span class='ocrx_word' id='word_1_82' title='bbox 1517 1841 1777 1929; x_wconf 88' lang='grc' dir='ltr'><em>Βάκχης</em></span> <span class='ocrx_word' id='word_1_83' title='bbox 1805 1847 2004 1928; x_wconf 79' lang='grc' dir='ltr'><em>ἔχων,</em></span> <span class='ocrx_word' id='word_1_84' title='bbox 2206 1858 2311 1913; x_wconf 82' lang='lat'><em>91⁵</em></span> 
     </span>
     <span class='ocr_line' id='line_1_18' title="bbox 536 1943 2012 2034; baseline -0.001 -21"><span class='ocrx_word' id='word_1_85' title='bbox 536 1945 781 2034; x_wconf 88' lang='grc' dir='ltr'><em>μητρός</em></span> <span class='ocrx_word' id='word_1_86' title='bbox 815 1973 887 2015; x_wconf 90' lang='grc' dir='ltr'><em>τε</em></span> <span class='ocrx_word' id='word_1_87' title='bbox 915 1953 1030 2033; x_wconf 82' lang='grc' dir='ltr'><em>τῆς</em></span> <span class='ocrx_word' id='word_1_88' title='bbox 1057 1953 1176 2033; x_wconf 86' lang='grc' dir='ltr'><em>σῆς</em></span> <span class='ocrx_word' id='word_1_89' title='bbox 1201 1946 1315 2015; x_wconf 87' lang='grc' dir='ltr'><em>καὶ</em></span> <span class='ocrx_word' id='word_1_90' title='bbox 1343 1943 1544 2031; x_wconf 88' lang='grc' dir='ltr'><em>λόχου</em></span> <span class='ocrx_word' id='word_1_91' title='bbox 1571 1943 2012 2023; x_wconf 88' lang='grc' dir='ltr'><em>κατάσκοπος·</em></span> 
     </span>
     <span class='ocr_line' id='line_1_19' title="bbox 537 2043 2109 2136; baseline -0.001 -21"><span class='ocrx_word' id='word_1_92' title='bbox 537 2049 807 2135; x_wconf 81' lang='grc' dir='ltr'><em>πρέπεις</em></span> <span class='ocrx_word' id='word_1_93' title='bbox 834 2047 910 2116; x_wconf 71' lang='grc' dir='ltr'><em>δὲ</em></span> <span class='ocrx_word' id='word_1_94' title='bbox 935 2047 1220 2135; x_wconf 85' lang='grc' dir='ltr'><em>Κάδμου</em></span> <span class='ocrx_word' id='word_1_95' title='bbox 1248 2048 1650 2134; x_wconf 75' lang='grc' dir='ltr'><em>θυγατέρων</em></span> <span class='ocrx_word' id='word_1_96' title='bbox 1678 2043 1947 2134; x_wconf 77' lang='grc' dir='ltr'><em>μορφὴν</em></span> <span class='ocrx_word' id='word_1_97' title='bbox 1972 2052 2109 2136; x_wconf 80' lang='grc' dir='ltr'><em>μιᾷ.</em></span> 
     </span>
    </p>
   </div>
   <div class='ocr_carea' id='block_1_3' title="bbox 185 2121 1941 2238">
    <p class='ocr_par' dir='ltr' id='par_1_3' title="bbox 185 2121 1941 2238">
     <span class='ocr_line' id='line_1_20' title="bbox 185 2121 1941 2238; baseline 0.001 -25"><span class='ocrx_word' id='word_1_98' title='bbox 185 2121 188 2124; x_wconf 17' lang='lat'><strong>⁴</strong></span> <span class='ocrx_word' id='word_1_99' title='bbox 311 2152 450 2213; x_wconf 87' lang='grc' dir='ltr'><em>ΠΕ.</em></span> <span class='ocrx_word' id='word_1_100' title='bbox 532 2149 645 2216; x_wconf 84' lang='grc' dir='ltr'><em>καὶ</em></span> <span class='ocrx_word' id='word_1_101' title='bbox 673 2147 807 2235; x_wconf 84' lang='grc' dir='ltr'><em>μὴν</em></span> <span class='ocrx_word' id='word_1_102' title='bbox 834 2144 1002 2238; x_wconf 82' lang='grc' dir='ltr'><em>ὁρᾶν</em></span> <span class='ocrx_word' id='word_1_103' title='bbox 1027 2176 1138 2236; x_wconf 93' lang='grc' dir='ltr'><em>μοι</em></span> <span class='ocrx_word' id='word_1_104' title='bbox 1167 2148 1291 2218; x_wconf 81' lang='grc' dir='ltr'><em>δύο</em></span> <span class='ocrx_word' id='word_1_105' title='bbox 1321 2148 1445 2236; x_wconf 70' lang='grc' dir='ltr'><em>μὲν</em></span> <span class='ocrx_word' id='word_1_106' title='bbox 1470 2143 1702 2234; x_wconf 82' lang='grc' dir='ltr'><em>ἡλίους</em></span> <span class='ocrx_word' id='word_1_107' title='bbox 1731 2152 1941 2233; x_wconf 80' lang='grc' dir='ltr'><em>δοκῶ,</em></span> 
     </span>
    </p>
   </div>
   <div class='ocr_carea' id='block_1_4' title="bbox 303 2246 2305 3047">
    <p class='ocr_par' dir='ltr' id='par_1_4' title="bbox 533 2246 2305 2643">
     <span class='ocr_line' id='line_1_21' title="bbox 537 2246 2019 2337; baseline 0.001 -22"><span class='ocrx_word' id='word_1_108' title='bbox 537 2246 768 2328; x_wconf 78' lang='grc' dir='ltr'><em>δισσὰς</em></span> <span class='ocrx_word' id='word_1_109' title='bbox 795 2248 871 2317; x_wconf 72' lang='grc' dir='ltr'><em>δὲ</em></span> <span class='ocrx_word' id='word_1_110' title='bbox 899 2250 1126 2337; x_wconf 78' lang='grc' dir='ltr'><em>Θήβας</em></span> <span class='ocrx_word' id='word_1_111' title='bbox 1153 2252 1268 2319; x_wconf 86' lang='grc' dir='ltr'><em>καὶ</em></span> <span class='ocrx_word' id='word_1_112' title='bbox 1293 2246 1550 2336; x_wconf 84' lang='grc' dir='ltr'><em>πόλισμ’</em></span> <span class='ocrx_word' id='word_1_113' title='bbox 1586 2248 2019 2335; x_wconf 81' lang='grc' dir='ltr'><em>ἑπτάστομον·</em></span> 
     </span>
     <span class='ocr_line' id='line_1_22' title="bbox 536 2347 2305 2438; baseline 0.002 -23"><span class='ocrx_word' id='word_1_114' title='bbox 536 2350 648 2416; x_wconf 88' lang='grc' dir='ltr'><em>καὶ</em></span> <span class='ocrx_word' id='word_1_115' title='bbox 677 2356 923 2437; x_wconf 87' lang='grc' dir='ltr'><em>ταῦρος</em></span> <span class='ocrx_word' id='word_1_116' title='bbox 951 2347 1112 2438; x_wconf 77' lang='grc' dir='ltr'><em>ἡμῖν</em></span> <span class='ocrx_word' id='word_1_117' title='bbox 1140 2351 1446 2438; x_wconf 86' lang='grc' dir='ltr'><em>πρόσθεν</em></span> <span class='ocrx_word' id='word_1_118' title='bbox 1471 2347 1785 2438; x_wconf 79' lang='grc' dir='ltr'><em>ἡγεῖσθαι</em></span> <span class='ocrx_word' id='word_1_119' title='bbox 1813 2355 2033 2430; x_wconf 77' lang='grc' dir='ltr'><em>δοκεῖς</em></span> <span class='ocrx_word' id='word_1_120' title='bbox 2200 2366 2305 2421; x_wconf 76' lang='lat'><em>920</em></span> 
     </span>
     <span class='ocr_line' id='line_1_23' title="bbox 533 2453 1865 2542; baseline 0.002 -25"><span class='ocrx_word' id='word_1_121' title='bbox 533 2453 647 2518; x_wconf 79' lang='grc' dir='ltr'><em>καὶ</em></span> <span class='ocrx_word' id='word_1_122' title='bbox 673 2457 769 2542; x_wconf 77' lang='grc' dir='ltr'><em>σῷ</em></span> <span class='ocrx_word' id='word_1_123' title='bbox 800 2453 1045 2539; x_wconf 83' lang='grc' dir='ltr'><em>κέρατα</em></span> <span class='ocrx_word' id='word_1_124' title='bbox 1069 2455 1265 2542; x_wconf 83' lang='grc' dir='ltr'><em>κρατὶ</em></span> <span class='ocrx_word' id='word_1_125' title='bbox 1294 2453 1865 2542; x_wconf 79' lang='grc' dir='ltr'><em>προσπεφυκέναι.</em></span> 
     </span>
     <span class='ocr_line' id='line_1_24' title="bbox 533 2543 2101 2643; baseline -0.001 -23"><span class='ocrx_word' id='word_1_126' title='bbox 533 2550 669 2620; x_wconf 87' lang='grc' dir='ltr'><em>ἀλλ’</em></span> <span class='ocrx_word' id='word_1_127' title='bbox 702 2545 748 2641; x_wconf 82' lang='grc' dir='ltr'><em>ἦ</em></span> <span class='ocrx_word' id='word_1_128' title='bbox 774 2551 912 2622; x_wconf 88' lang='grc' dir='ltr'><em>ποτ’</em></span> <span class='ocrx_word' id='word_1_129' title='bbox 943 2544 1127 2642; x_wconf 85' lang='grc' dir='ltr'><em>ἦσθα</em></span> <span class='ocrx_word' id='word_1_130' title='bbox 1153 2553 1328 2643; x_wconf 81' lang='grc' dir='ltr'><em>θήρ;</em></span> <span class='ocrx_word' id='word_1_131' title='bbox 1358 2552 1772 2642; x_wconf 81' lang='grc' dir='ltr'><em>τεταύρωσαι</em></span> <span class='ocrx_word' id='word_1_132' title='bbox 1799 2551 1925 2643; x_wconf 78' lang='grc' dir='ltr'><em>γὰρ</em></span> <span class='ocrx_word' id='word_1_133' title='bbox 1957 2543 2101 2622; x_wconf 87' lang='grc' dir='ltr'><em>οὐν.</em></span> 
     </span>
    </p>

    <p class='ocr_par' dir='ltr' id='par_1_5' title="bbox 303 2649 2104 2846">
     <span class='ocr_line' id='line_1_25' title="bbox 303 2649 2051 2746; baseline 0.001 -25"><span class='ocrx_word' id='word_1_134' title='bbox 303 2659 424 2721; x_wconf 92' lang='grc' dir='ltr'><em>ΔΙ.</em></span> <span class='ocrx_word' id='word_1_135' title='bbox 530 2651 566 2722; x_wconf 83' lang='grc' dir='ltr'>ὁ</span> <span class='ocrx_word' id='word_1_136' title='bbox 603 2653 765 2737; x_wconf 83' lang='grc' dir='ltr'><em>θεὸς</em></span> <span class='ocrx_word' id='word_1_137' title='bbox 795 2652 1102 2745; x_wconf 75' lang='grc' dir='ltr'><em>ὁμαρτεῖ,</em></span> <span class='ocrx_word' id='word_1_138' title='bbox 1133 2656 1437 2746; x_wconf 84' lang='grc' dir='ltr'><em>πρόσθεν</em></span> <span class='ocrx_word' id='word_1_139' title='bbox 1466 2649 1565 2724; x_wconf 68' lang='grc' dir='ltr'><em>ὧν</em></span> <span class='ocrx_word' id='word_1_140' title='bbox 1591 2651 1716 2723; x_wconf 88' lang='grc' dir='ltr'><em>οὐκ</em></span> <span class='ocrx_word' id='word_1_141' title='bbox 1747 2652 2051 2741; x_wconf 84' lang='grc' dir='ltr'><em>εὐμενής,</em></span> 
     </span>
     <span class='ocr_line' id='line_1_26' title="bbox 533 2751 2104 2846; baseline -0.001 -22"><span class='ocrx_word' id='word_1_142' title='bbox 533 2761 897 2835; x_wconf 77' lang='grc' dir='ltr'><em>ἔνσπονδος</em></span> <span class='ocrx_word' id='word_1_143' title='bbox 921 2753 1114 2843; x_wconf 79' lang='grc' dir='ltr'><em>ἡμῖν·</em></span> <span class='ocrx_word' id='word_1_144' title='bbox 1153 2764 1287 2825; x_wconf 82' lang='grc' dir='ltr'><em>νῦν</em></span> <span class='ocrx_word' id='word_1_145' title='bbox 1315 2754 1379 2824; x_wconf 85' lang='grc' dir='ltr'><em>δ’</em></span> <span class='ocrx_word' id='word_1_146' title='bbox 1414 2753 1574 2846; x_wconf 78' lang='grc' dir='ltr'><em>ὁρᾷς</em></span> <span class='ocrx_word' id='word_1_147' title='bbox 1602 2751 1646 2824; x_wconf 72' lang='grc' dir='ltr'><em>ἃ</em></span> <span class='ocrx_word' id='word_1_148' title='bbox 1672 2755 1797 2845; x_wconf 82' lang='grc' dir='ltr'><em>χρή</em></span> <span class='ocrx_word' id='word_1_149' title='bbox 1823 2753 1884 2824; x_wconf 88' lang='grc' dir='ltr'><em>σ’</em></span> <span class='ocrx_word' id='word_1_150' title='bbox 1918 2751 2104 2844; x_wconf 77' lang='grc' dir='ltr'><em>ὁρᾶν.</em></span> 
     </span>
    </p>

    <p class='ocr_par' dir='ltr' id='par_1_6' title="bbox 303 2853 2297 3047">
     <span class='ocr_line' id='line_1_27' title="bbox 303 2853 2297 2944; baseline 0.003 -24"><span class='ocrx_word' id='word_1_151' title='bbox 303 2861 443 2921; x_wconf 89' lang='grc' dir='ltr'><em>ΠΕ.</em></span> <span class='ocrx_word' id='word_1_152' title='bbox 526 2863 597 2924; x_wconf 92' lang='grc' dir='ltr'><em>τί</em></span> <span class='ocrx_word' id='word_1_153' title='bbox 619 2863 943 2944; x_wconf 87' lang='grc' dir='ltr'><em>φαίνομαι</em></span> <span class='ocrx_word' id='word_1_154' title='bbox 972 2853 1106 2944; x_wconf 86' lang='grc' dir='ltr'><em>δῆτ’</em></span> <span class='ocrx_word' id='word_1_155' title='bbox 1128 2888 1145 2938; x_wconf 91' lang='lat'>;</span> <span class='ocrx_word' id='word_1_156' title='bbox 1174 2854 1327 2943; x_wconf 78' lang='grc' dir='ltr'><em>οὐχὶ</em></span> <span class='ocrx_word' id='word_1_157' title='bbox 1352 2855 1476 2944; x_wconf 81' lang='grc' dir='ltr'><em>τὴν</em></span> <span class='ocrx_word' id='word_1_158' title='bbox 1496 2855 1700 2936; x_wconf 83' lang='grc' dir='ltr'><em>Ἰνοῦς</em></span> <span class='ocrx_word' id='word_1_159' title='bbox 1726 2857 1959 2927; x_wconf 88' lang='grc' dir='ltr'><em>στάσιν</em></span> <span class='ocrx_word' id='word_1_160' title='bbox 2197 2873 2297 2926; x_wconf 76' lang='lat'><em>925</em></span> 
     </span>
     <span class='ocr_line' id='line_1_28' title="bbox 532 2952 1902 3047; baseline 0.001 -22"><span class='ocrx_word' id='word_1_161' title='bbox 532 2952 576 3042; x_wconf 75' lang='grc' dir='ltr'><em>ἢ</em></span> <span class='ocrx_word' id='word_1_162' title='bbox 603 2955 726 3043; x_wconf 82' lang='grc' dir='ltr'><em>τὴν</em></span> <span class='ocrx_word' id='word_1_163' title='bbox 746 2954 1029 3045; x_wconf 78' lang='grc' dir='ltr'><em>Ἀγαύης</em></span> <span class='ocrx_word' id='word_1_164' title='bbox 1058 2957 1324 3027; x_wconf 81' lang='grc' dir='ltr'><em>ἑστάναι</em></span> <span class='ocrx_word' id='word_1_165' title='bbox 1352 2959 1597 3047; x_wconf 88' lang='grc' dir='ltr'><em>μητρός</em></span> <span class='ocrx_word' id='word_1_166' title='bbox 1626 2957 1682 3044; x_wconf 79' lang='grc' dir='ltr'><em>γ’</em></span> <span class='ocrx_word' id='word_1_167' title='bbox 1712 2963 1902 3046; x_wconf 87' lang='grc' dir='ltr'><em>ε’μῆς;</em></span> 
     </span>
    </p>
   </div>
   <div class='ocr_carea' id='block_1_5' title="bbox 205 3055 1861 3150">
    <p class='ocr_par' dir='ltr' id='par_1_7' title="bbox 205 3055 1861 3150">
     <span class='ocr_line' id='line_1_29' title="bbox 205 3055 1861 3150; baseline 0.003 -28"><span class='ocrx_word' id='word_1_168' title='bbox 205 3073 208 3078; x_wconf 84' lang='grc'><em>“</em></span> <span class='ocrx_word' id='word_1_169' title='bbox 301 3063 419 3123; x_wconf 89' lang='grc' dir='ltr'><em>ΔΙ.</em></span> <span class='ocrx_word' id='word_1_170' title='bbox 527 3055 733 3138; x_wconf 81' lang='grc' dir='ltr'><em>αὐτας</em></span> <span class='ocrx_word' id='word_1_171' title='bbox 763 3063 1023 3140; x_wconf 78' lang='grc' dir='ltr'><em>ἐκείνας</em></span> <span class='ocrx_word' id='word_1_172' title='bbox 1052 3066 1321 3147; x_wconf 81' lang='grc' dir='ltr'><em>εἰσορᾶν</em></span> <span class='ocrx_word' id='word_1_173' title='bbox 1347 3065 1525 3129; x_wconf 72' lang='grc' dir='ltr'><em>δοκῶ</em></span> <span class='ocrx_word' id='word_1_174' title='bbox 1563 3056 1627 3128; x_wconf 91' lang='grc' dir='ltr'><em>σ’</em></span> <span class='ocrx_word' id='word_1_175' title='bbox 1660 3056 1861 3150; x_wconf 75' lang='grc' dir='ltr'><em>ὁρῶν.</em></span> 
     </span>
    </p>
   </div>
   <div class='ocr_carea' id='block_1_6' title="bbox 301 3154 2291 3555">
    <p class='ocr_par' dir='ltr' id='par_1_8' title="bbox 527 3154 1965 3354">
     <span class='ocr_line' id='line_1_30' title="bbox 529 3154 1965 3250; baseline 0.002 -24"><span class='ocrx_word' id='word_1_176' title='bbox 529 3154 665 3227; x_wconf 83' lang='grc' dir='ltr'><em>ἀλλ’</em></span> <span class='ocrx_word' id='word_1_177' title='bbox 699 3164 763 3242; x_wconf 82' lang='grc' dir='ltr'><em>ἐξ</em></span> <span class='ocrx_word' id='word_1_178' title='bbox 798 3163 994 3250; x_wconf 81' lang='grc' dir='ltr'><em>ἕδρας</em></span> <span class='ocrx_word' id='word_1_179' title='bbox 1021 3182 1129 3231; x_wconf 90' lang='grc' dir='ltr'><em>σοι</em></span> <span class='ocrx_word' id='word_1_180' title='bbox 1157 3160 1493 3248; x_wconf 90' lang='grc' dir='ltr'><em>πλόκαμος</em></span> <span class='ocrx_word' id='word_1_181' title='bbox 1522 3158 1795 3248; x_wconf 81' lang='grc' dir='ltr'><em>ἐξέστηχ’</em></span> <span class='ocrx_word' id='word_1_182' title='bbox 1828 3157 1965 3247; x_wconf 80' lang='grc' dir='ltr'><em>ὅδε,</em></span> 
     </span>
     <span class='ocr_line' id='line_1_31' title="bbox 527 3257 1899 3354; baseline 0.001 -26"><span class='ocrx_word' id='word_1_183' title='bbox 527 3257 650 3347; x_wconf 86' lang='grc' dir='ltr'><em>οὐχ</em></span> <span class='ocrx_word' id='word_1_184' title='bbox 679 3257 767 3342; x_wconf 74' lang='grc' dir='ltr'><em>ὥς</em></span> <span class='ocrx_word' id='word_1_185' title='bbox 793 3262 924 3349; x_wconf 73' lang='grc' dir='ltr'><em>ἐγώ</em></span> <span class='ocrx_word' id='word_1_186' title='bbox 948 3292 1063 3332; x_wconf 91' lang='grc' dir='ltr'><em>νιν</em></span> <span class='ocrx_word' id='word_1_187' title='bbox 1085 3260 1220 3332; x_wconf 79' lang='grc' dir='ltr'><em>ὑπὸ</em></span> <span class='ocrx_word' id='word_1_188' title='bbox 1254 3269 1453 3354; x_wconf 77' lang='grc' dir='ltr'><em>μίτρᾳ</em></span> <span class='ocrx_word' id='word_1_189' title='bbox 1480 3261 1899 3351; x_wconf 85' lang='grc' dir='ltr'><em>καθήρμοσα.</em></span> 
     </span>
    </p>

    <p class='ocr_par' dir='ltr' id='par_1_9' title="bbox 301 3361 2291 3555">
     <span class='ocr_line' id='line_1_32' title="bbox 301 3361 2291 3451; baseline 0.004 -25"><span class='ocrx_word' id='word_1_190' title='bbox 301 3367 438 3427; x_wconf 88' lang='grc' dir='ltr'><em>ΠΕ.</em></span> <span class='ocrx_word' id='word_1_191' title='bbox 521 3367 720 3431; x_wconf 74' lang='grc' dir='ltr'><em>ἔνδον</em></span> <span class='ocrx_word' id='word_1_192' title='bbox 745 3371 1082 3451; x_wconf 89' lang='grc' dir='ltr'><em>προσείων</em></span> <span class='ocrx_word' id='word_1_193' title='bbox 1110 3361 1320 3434; x_wconf 88' lang='grc' dir='ltr'><em>αὐτὸν</em></span> <span class='ocrx_word' id='word_1_194' title='bbox 1346 3361 1680 3433; x_wconf 82' lang='grc' dir='ltr'><em>ἀνασείων</em></span> <span class='ocrx_word' id='word_1_195' title='bbox 1706 3361 1755 3432; x_wconf 83' lang='grc' dir='ltr'><em>τ’</em></span> <span class='ocrx_word' id='word_1_196' title='bbox 1789 3363 1917 3451; x_wconf 73' lang='grc' dir='ltr'><em>ἐγώ</em></span> <span class='ocrx_word' id='word_1_197' title='bbox 2192 3378 2291 3434; x_wconf 72' lang='grc'><em>930</em></span> 
     </span>
     <span class='ocr_line' id='line_1_33' title="bbox 525 3465 1817 3555; baseline 0.001 -24"><span class='ocrx_word' id='word_1_198' title='bbox 525 3465 637 3532; x_wconf 81' lang='grc' dir='ltr'><em>καὶ</em></span> <span class='ocrx_word' id='word_1_199' title='bbox 664 3466 1038 3551; x_wconf 77' lang='grc' dir='ltr'><em>βακχιάζων</em></span> <span class='ocrx_word' id='word_1_200' title='bbox 1075 3469 1139 3547; x_wconf 78' lang='grc' dir='ltr'><em>ἐξ</em></span> <span class='ocrx_word' id='word_1_201' title='bbox 1173 3469 1370 3555; x_wconf 81' lang='grc' dir='ltr'><em>ἕδρας</em></span> <span class='ocrx_word' id='word_1_202' title='bbox 1400 3465 1817 3554; x_wconf 74' lang='grc' dir='ltr'><em>μεθώρμισα.</em></span> 
     </span>
    </p>
   </div>
   <div class='ocr_carea' id='block_1_7' title="bbox 2475 2505 2487 3123">
    <p class='ocr_par' dir='ltr' id='par_1_10' title="bbox 2475 2505 2487 3123">
     <span class='ocr_line' id='line_1_34' title="bbox 2475 2505 2487 3123; baseline 0 0"><span class='ocrx_word' id='word_1_203' title='bbox 2475 2505 2487 3123; x_wconf 95' lang='lat' dir='ltr'><em> </em></span> 
     </span>
    </p>
   </div>
  </div>
 </body>
</html>
