2492 3900
166 1438 293 1498 ΔΙ.

866 796 1491 869 ΕΥΡΙΠΙΔΟΥ

613 1003 698 1083 Β
816 1002 909 1081 Α
1025 1002 1123 1081 K
1231 1002 1340 1081 X
1444 1006 1539 1083 A
1658 1007 1753 1091 I.

387 1424 570 1498 ‘'Hum
597 1428 768 1510 Διὸς
796 1445 951 1512 παῖς
977 1427 1182 1519 τήνδε
1212 1440 1534 1521 Θηβαίων
1560 1432 1779 1519 χθόνα

403 1530 774 1618 Διόνυσος,
806 1528 888 1602 ὃν
912 1540 1120 1603 τίκτει
1145 1532 1301 1604 ποθ’
1334 1530 1375 1624 ἡ
1404 1534 1687 1623 Κάδμου
1712 1534 1880 1624 κόρη

404 1636 666 1722 Σεμέλη
696 1632 1068 1721 λοχευθετο)
1102 1632 1603 1728 ἀστραπηφόρῳ
1631 1642 1830 1723 πυρί·

402 1733 676 1823 μορφὴν
705 1733 770 1805 δ’
809 1733 1095 1824 ἀμείψας
1119 1742 1192 1807 ἐκ
1222 1746 1395 1808 θεοῦ
1425 1744 1793 1827 βροτησίαν

404 1837 680 1925 πάρειμι
704 1845 965 1926 Δίρκης
990 1837 1219 1926 νάματ’
1246 1838 1554 1927 Ἰσμηνοῦ
1582 1836 1647 1907 θ’
1678 1836 1890 1929 ὕδωρ.

403 1933 542 2027 ὅρῶ
571 1938 646 2008 δὲ
674 1938 922 2028 μητρὸς
947 1947 1172 2028 μνῆμα
1204 1948 1322 2028 τῆς
1348 1948 1711 2030 κεραυνίας

400 2035 547 2109 τόδ’
580 2038 782 2128 ἐγγὺς
814 2049 1021 2110 οἴκων
1049 2044 1162 2110 καὶ
1188 2042 1420 2132 δόμων
1448 2045 1713 2132 ἐρείπια

400 2141 752 2230 τυφόμενα
780 2149 960 2211 Δίου
985 2143 1201 2235 πυρὸς
1231 2150 1329 2215 ἔτι
1358 2150 1576 2228 ζῶσαν
1604 2143 1846 2232 φλόγα,

403 2239 968 2334 ἆθάνατονἭρας
990 2243 1212 2336 μητέρ’
1244 2253 1339 2328 εἰς
1365 2243 1534 2335 ἐμὴν
1557 2243 1783 2336 ὕβριν.

402 2352 569 2414 αἰνῶ
598 2345 675 2415 δὲ
699 2346 1014 2435 Κάδμον,
1045 2345 1297 2437 ἄβατον
1325 2345 1400 2430 ὃς
1426 2351 1636 2418 πέδον
1662 2347 1819 2418 τόδε

405 2456 634 2537 τίθησι
662 2448 1005 2539 θυγατρὸς
1032 2451 1272 2538 σηκόν·
1335 2447 1640 2538 ἀμπέλου
1671 2454 1752 2520 δέ
1780 2478 1894 2520 νιν

402 2552 588 2638 πέριξ
618 2550 748 2639 ἐγώ
772 2548 1066 2633 ’κάλυψα
1099 2552 1475 2640 βοτρυώδει
1502 2551 1684 2640 χλόῃ.

400 2650 615 2722 λιπών
644 2654 720 2723 δὲ
747 2658 998 2721 Λυδῶν
1038 2661 1178 2722 τῶν
1216 2653 1665 2742 πολυχρύσων
1711 2652 1878 2740 γύας

407 2761 703 2842 Φρυγῶν
731 2782 834 2841 τε,
865 2762 1155 2844 Περσῶν
1182 2752 1247 2824 θ’
1281 2751 1725 2843 ἡλιοβλήτους
1753 2754 2005 2834 πλάκας

401 2856 695 2945 Βάκτριά
721 2884 792 2926 τε
820 2864 1002 2944 τείχη
1030 2857 1154 2947 τήν
1181 2885 1255 2926 τε
1283 2859 1612 2945 δύσχιμον
1639 2857 1857 2944 χθόνα

403 2956 670 3046 Μήδων
699 2956 1012 3029 ἐπελθῶν
1032 2957 1353 3048 ’Λραβίαν
1381 2956 1429 3028 τ’
1466 2956 1834 3046 εὐδαίμονα

394 3057 622 3131 Ἀσίαν
650 3089 723 3130 τε
751 3069 1006 3148 πᾶσαν,
1036 3057 1082 3149 ἢ
1109 3059 1259 3151 παρ’
1297 3058 1608 3150 ἁλμυρὰν
1637 3057 1763 3129 ἅλα

401 3177 613 3232 κεῖται
640 3159 1198 3252 μιγάσινἝλλησι
1230 3162 1598 3253 βαρβάροις
1624 3160 1689 3232 θ’
1722 3158 1895 3250 ὁμοῦ

401 3265 676 3355 πλήρεις
709 3272 952 3353 ἔχουσα
980 3265 1582 3353 καλλιπυργώτους
1608 3265 1856 3351 πόλεις,

400 3374 495 3448 εἰς
521 3368 723 3456 τήνδε
750 3375 1020 3458 πρῶτον
1049 3359 1273 3456 ἦλθον
1290 3364 1630 3456 Ἑλλήνων
1654 3366 1874 3453 πόλιν,

399 3465 599 3541 κάκεῖ
617 3470 944 3562 χορεύσας
973 3473 1088 3540 καὶ
1112 3470 1526 3558 καταστήσας
1558 3466 1715 3556 ἐμὰς

2114 2370 2174 2418 lt]

2114 2882 2126 2926 ἓ
2142 2882 2170 2926 ἐι

2110 3382 2174 3434 ’Ζεῦ
