2492 3900
269 98 352 162 98

1071 70 1403 156 BAKXAJ

506 284 830 359 γυναῖκας
856 264 1018 355 ἡμῖν
1048 264 1289 355 δώματ’
1324 269 1778 337 ἐκλελοιπέναι

502 382 855 442 πλασταῖσι
883 377 1301 458 βακχείαισιν
1320 420 1339 455 ,
1367 372 1443 438 ἐν
1471 370 1547 440 δὲ
1575 376 1877 453 δασκίοις

503 471 690 564 ὄρεσι
718 472 1012 559 θοάζειν,
1040 470 1160 541 τὸν
1187 473 1430 540 νεωστὶ
1461 477 1749 560 δαίμονα

503 577 846 648 Διόνυσον
875 571 1056 654 ὅστις
1082 577 1222 644 ἔστι
1247 573 1537 661 τιμώσας
1563 590 1783 664 χοροῖς
1800 594 1815 611 ·
2188 595 2299 648 220

502 680 777 770 πλήρεις
795 678 883 747 δὲ
916 676 1182 757 θιάσοις
1211 679 1286 746 ἐν
1312 678 1616 764 με’σοισιν
1648 675 1917 746 ἑστάναι

501 790 869 871 κρατῆρας,
901 776 1112 866 ἄλλην
1140 774 1208 847 δ’
1241 774 1473 849 &nod
1514 785 1606 859 είς
1634 782 1917 868 ἐρημίαν

502 882 944 953 πτώσσουσαν
974 878 1202 962 εὐναῖς
1231 878 1536 969 ἀρσένων
1563 878 1943 969 ὑπηρετεῖν,

503 986 846 1076 πρόφασιν
871 984 996 1072 μὲν
1028 980 1117 1065 ὥς
1144 981 1228 1072 δὴ
1258 982 1620 1064 Μαινάδας
1648 984 2047 1071 θυοσκόους,

506 1086 629 1176 τὴν
660 1084 722 1157 δ’
751 1085 1157 1175 Ἀφροδίτην
1184 1080 1424 1175 πρόσθ’
1458 1082 1649 1173 ἄγειν
1676 1093 1799 1155 τοῦ
1826 1093 2143 1173 Βακχίου.
2184 1105 2291 1159 225

505 1185 666 1271 ὅσας
693 1190 819 1278 μὲν
847 1180 976 1257 οὐν
1006 1198 1283 1277 εἴληφα,
1319 1192 1634 1275 δεσμίους
1661 1192 1857 1277 χέρας

503 1291 784 1376 σώζουσι
809 1291 1216 1379 πανδήμοισι
1246 1291 1613 1379 πρόσπολοι
1640 1294 1931 1379 στέγαις·

504 1390 656 1463 ὅσαι
687 1392 750 1463 δ’
785 1390 1072 1481 ἄπεισιν,
1106 1396 1170 1476 ἐξ
1201 1390 1404 1483 ὅρους
1430 1392 1837 1483 θηράσομαι,

496 1492 638 1566 'Ivm'
664 1493 713 1564 τ’
739 1492 1029 1583 ’Λγαύην
1057 1494 1121 1565 θ’
1153 1492 1199 1583 ἦ
1222 1491 1283 1582 μ’
1318 1492 1507 1565 ἔτικτ’
1535 1491 1797 1584 Ἐχίονι,
1852 1518 1861 1521 “

494 1594 878 1677 Ἀκταίονός
903 1624 976 1666 τε
1003 1594 1222 1687 μητέρ’
1239 1649 1259 1685 ,
1289 1593 1649 1686 Αὐτονόην
1677 1602 1872 1687 λέγω.
2184 1616 2291 1671 230

504 1702 618 1769 καὶ
643 1706 820 1789 σφᾶς
849 1705 1153 1787 σιδηραῖς
1181 1695 1474 1788 ἁρμόσας
1504 1703 1577 1769 ἐν
1605 1696 1850 1789 ἄρκυσι

504 1802 740 1872 παύσω
768 1801 1155 1893 κακούργου
1185 1807 1388 1889 τῆσδε
1415 1809 1730 1892 βακχείας
1758 1803 1940 1891 τάχα.

501 1906 773 1995 λέγουσι
803 1900 868 1975 δ’
905 1900 995 1985 ὥς
1022 1932 1122 1988 τις
1153 1900 1551 1995 εἰσελήλυθε
1580 1907 1766 1988 ξένος

503 2009 663 2096 γόης
690 2006 949 2102 ἐπῳδὸς
977 2014 1236 2089 Λυδίας
1266 2003 1396 2077 ἀπὸ
1424 2007 1693 2095 χθονός,

505 2112 814 2192 ξανθοῖσι
838 2111 1313 2201 βοστρύχοισιν
1340 2106 1650 2198 εὐόσμοις
1679 2117 1926 2198 κομῶν,
2184 2128 2287 2182 235

502 2211 812 2298 οἰνωπός,
842 2208 1066 2292 ὄσσοις
1096 2213 1366 2302 χάριτας
1385 2209 1781 2302 Ἀφροδίτης
1809 2220 2001 2302 ἔχων,

499 2306 573 2393 ὃς
602 2309 850 2404 ἡμέρας
881 2339 952 2382 τε
979 2311 1363 2403 κεύφρόνας
1390 2323 1825 2404 συγγίγνεται

504 2413 770 2496 τελετὰς
798 2424 1172 2506 προτείνων
1205 2414 1434 2498 εὐίους
1464 2416 1791 2488 νεάνισιν.

507 2525 571 2587 εί
593 2516 659 2588 δ’
694 2514 904 2608 αὐτὸν
932 2529 1088 2589 εἴσω
1119 2525 1321 2608 τῆσδε
1349 2519 1644 2608 λήψομαι
1672 2521 1926 2608 στέγης,

504 2620 740 2692 παύσω
771 2628 1159 2693 κτυποῦντα
1185 2623 1453 2712 θύρσον
1481 2618 1881 2692 ἀνασείοντά
1906 2647 1979 2689 τε
2184 2635 2287 2689 240

504 2723 741 2811 κόμας,
772 2723 1101 2812 τράχηλον
1128 2725 1430 2813 σώματος
1453 2727 1656 2814 χωρὶς
1687 2723 1925 2813 τεμών.

504 2829 759 2906 ἐκεῖνος
789 2824 968 2895 εἷναί
991 2849 1157 2915 φησι
1189 2826 1536 2898 Διόνυσον
1562 2827 1751 2914 θεόν,

502 2931 753 3009 ἐκεῖνος
779 2931 854 2998 ἐν
880 2935 1072 3023 μηρῷ
1097 2925 1235 2999 ποτ’
1268 2930 1607 3021 ἐρράφθαι
1638 2928 1828 3016 Διός,

502 3025 576 3113 ὃς
603 3035 1012 3122 ἐκπυροῦται
1039 3031 1378 3120 λαμπάσιν
1407 3040 1797 3123 κεραυνίαις

504 3130 636 3203 σὺν
663 3141 896 3227 μητρί,
924 3141 1141 3217 Δίους
1169 3131 1273 3205 ὅτι
1302 3135 1554 3224 γάμους
1583 3134 1933 3218 ἐψεύσατο.
2182 3149 2281 3202 245

505 3233 681 3305 ταῦτ’
715 3234 866 3326 οὐχὶ
894 3243 1119 3327 δεινῆς
1151 3237 1437 3327 ἀγχόνης
1472 3239 1735 3328 ἐπάξια,

506 3336 736 3429 ὕβρεις
765 3338 1086 3432 ὑβρίζειν,
1118 3335 1299 3423 ὅστις
1325 3345 1507 3410 ἔστιν
1534 3337 1569 3410 ὁ
1600 3342 1818 3424 ξένος;

501 3438 666 3534 ἀτὰρ
695 3440 838 3515 τόδ’
868 3439 1030 3514 ἄλλο
1061 3451 1327 3532 θαῦμα,
1358 3441 1476 3513 τὸν
1503 3441 1920 3534 τερασκόπον
