2492 3900
127 1445 281 1506 ΘΗ.

615 150 1032 207 ΗΡΑΚΛΗΣ
1069 151 1686 213 ΜΑΙΝΟΜΕΝΟΣ
2028 156 2148 216 3Εῆ

370 321 445 388 ἐν
474 312 650 387 οἶσιν
679 315 1120 406 εὐτυχοῦντες
1147 311 1317 407 ἦμεν
1345 317 1581 409 ὅλβιοι.
2023 348 2152 396 ffiffl]

367 429 437 488 τί
459 420 626 507 δῆτά
651 448 733 507 με
765 427 887 506 ζῆν
917 427 1055 504 δεῖς
1085 427 1156 490 τί
1176 425 1414 511 κέρδος
1443 426 1677 510 ἕξομεν

358 530 585 614 βίοτον
619 519 888 613 άχρεϊον
923 522 1198 594 άνόσιόν
1229 523 1289 592 τ’
1332 527 1702 613 ἐκτημένοις

365 623 696 710 χορευέτω
726 620 809 711 δὴ
843 621 1058 710 Ζηνὸς
1082 620 1126 712 ἡ
1154 622 1386 713 κλεινή
1416 625 1635 716 δάμαρ

363 720 689 814 κρούουσ’
715 720 1059 812 Ὀλύμπου
1091 731 1244 795 δῖον
1273 723 1537 817 ἀρβύλη
1566 730 1777 797 πέδον
1794 750 1809 766 ·

367 827 609 914 ἔπραξε
633 824 763 916 γὰρ
793 827 1122 916 βούλησιν
1147 823 1235 916 ἢν
1266 828 1580 915 ἐβούλετο
1598 881 1616 917 ,
2020 855 2144 904 1:3115

365 924 561 1018 ἄνδρ’
587 923 898 1009 Ἑλλάδος
921 927 1041 997 τὸν
1068 935 1340 1019 πρῶτον
1367 926 1671 999 αὐτοῖσιν
1697 932 1980 1020 βάθροις

361 1027 501 1098 α”νω
531 1028 708 1099 κάτω
737 1031 1094 1119 στρέψασα.
1150 1031 1427 1121 τοιαύτῃ
1455 1038 1597 1123 θεῷ

364 1139 463 1212 τίς
495 1126 580 1200 ἂν
610 1129 1079 1220 προσεύχοιθ’,
1109 1128 1154 1220 ἢ
1184 1131 1507 1221 γυναικὸς
1541 1137 1761 1202 εἵνεκα

363 1235 662 1323 λέκτρων
693 1241 1053 1321 φθονοῦσα
1079 1237 1253 1322 Ζηνὶ
1279 1232 1437 1316 τοὺς
1468 1231 1819 1324 εὐεργέτας

356 1333 664 1417 Ἑλλάδος
693 1332 987 1405 ἆπῶλεσ’
1021 1333 1228 1406 οὐδὲν
1256 1332 1455 1417 ὄντας
1484 1344 1757 1418 αἰτίους.
2016 1360 2144 1408 ΜΗ]

363 1434 490 1506 οὐκ
519 1443 700 1508 ἔστιν
730 1433 940 1506 ἄλλον
971 1437 1314 1527 δαιμόνων
1343 1435 1531 1528 ἄγων
1560 1434 1677 1508 ὅδε

363 1534 407 1626 ἢ
434 1546 548 1628 τῆς
577 1537 744 1621 Διὸς
771 1540 1133 1630 δάμαρτος·
1189 1531 1269 1610 εὖ
1297 1538 1442 1610 τόδ’
1468 1540 1802 1610 αἰσθάνει.

364 1641 835 1728 παραινέσαιμ’
881 1640 967 1711 ἂν
1005 1649 1264 1731 μᾶλλον
1296 1638 1341 1729 ἢ
1367 1643 1647 1730 πάσχειν
1674 1651 1908 1724 κακῶς.

362 1739 588 1823 οὐδεὶς
616 1743 690 1812 δὲ
717 1750 996 1831 θνητῶν
1022 1759 1165 1824 ταῖς
1193 1745 1423 1831 τύχαις
1452 1741 1779 1832 ἀκήρατος
1797 1798 1815 1832 ,

365 1841 450 1914 οὐ
480 1852 698 1931 θεῶν,
730 1841 984 1914 ἀοιδῶν
1013 1855 1199 1933 εἴπερ
1229 1843 1312 1914 οῦ
1340 1851 1616 1926 ψευδεῖς
1644 1846 1852 1933 λόγοι.
2016 1868 2144 1916 1315·

365 1943 449 2016 οὔ
477 1948 719 2037 λέκτρα
749 1944 807 2015 τ’
842 1944 1264 2035 ἀλλήλοισιν,
1295 1937 1392 2016 ῶν
1422 1942 1648 2027 οὐδεὶς
1674 1948 1896 2035 νόμος,

359 2055 713 2135 συνῆψαν;
742 2045 825 2117 ού
855 2054 1155 2135 δεσμοῖσι
1186 2048 1303 2118 διὰ
1328 2054 1737 2135 τυραννίδας

360 2153 648 2239 πατέρας
675 2153 1127 2238 ἐκηλίδωσαν;
1158 2148 1306 2220 ἀλλ’
1342 2146 1601 2220 οἰκοῦσ’
1636 2147 1813 2239 ὅμως

340 2249 696 2341 Ὄλυμπον
725 2250 1084 2339 ἠνέσχοντό
1110 2250 1189 2322 θ’
1222 2250 1693 2342 ἡμαρτηκότες.

363 2361 582 2424 καίτοι
609 2362 683 2424 τί
702 2355 971 2443 φήσεις,
1004 2362 1068 2424 εἰ
1089 2353 1176 2425 σὺ
1202 2356 1328 2444 μὲν
1355 2352 1608 2442 θνητὸς
1635 2352 1848 2443 γεγὼς
2016 2373 2148 2425 15:321

364 2458 592 2546 φέρεις
619 2454 931 2547 ὑπέρφευ
958 2456 1074 2537 τὰς
1101 2458 1335 2544 τύχας,
1366 2458 1522 2525 θεοὶ
1550 2456 1626 2524 δὲ
1651 2457 1777 2543 μή;

373 2557 597 2647 Θήβας
623 2561 747 2647 μὲν
777 2549 904 2627 οῦν
931 2565 1195 2628 ἔκλειπε
1222 2565 1344 2627 τοῦ
1371 2557 1583 2644 νόμον
1610 2558 1827 2646 χάριν,

363 2664 531 2730 ἕπου
561 2658 627 2729 δ’
663 2658 776 2749 ἅμ’
809 2658 969 2748 ἡμῖν
997 2659 1164 2748 πρὸς
1193 2660 1485 2746 πόλισμα
1511 2658 1884 2739 Παλλάδος,

365 2766 508 2832 ἐκεῖ
527 2765 720 2852 χέρας
749 2762 867 2843 σὰς
893 2759 1170 2849 ἁγνίσας
1197 2760 1584 2851 μιάσματος,

368 2865 618 2953 δόμους
645 2892 716 2935 τε
749 2864 944 2934 δῶσω
973 2863 1331 2954 χρημάτων
1357 2861 1417 2933 τ’
1452 2867 1632 2952 ἐμῶν
1659 2864 1876 2951 μέρος.
2020 2881 2144 2933 1325

367 2963 410 3035 ἃ
438 2965 501 3035 δ’
538 2971 611 3036 ἐκ
642 2974 934 3037 πολιτῶν
961 2965 1124 3057 δῶρ’
1159 2974 1287 3055 ἔχω
1320 2966 1537 3047 σῶσας
1568 2964 1811 3055 κόρους

369 3071 472 3149 δὶς
500 3068 683 3156 ἑπτά,
714 3075 968 3160 ταῦρον
995 3068 1313 3138 Κνῶσιον
1339 3068 1795 3154 κατακτανών,

368 3172 475 3240 σοὶ
502 3179 710 3241 ταῦτα
740 3171 954 3240 δω’σω.
1010 3178 1354 3259 πανταχοῦ
1384 3173 1463 3239 δέ
1486 3198 1598 3259 μοι
1625 3167 1872 3257 χθονὸς

372 3275 610 3362 τεμένη
642 3276 986 3342 δέδασται·
1019 3271 1208 3342 ταῦτ’
1245 3273 1767 3361 ἐπωνομασμένα

304 3427 310 3433 -
371 3377 579 3444 σέθεν
606 3373 678 3445 τὸ
713 3374 954 3444 λοιπὸν
981 3379 1054 3445 ἐκ
1085 3382 1351 3467 βροτῶν
1380 3375 1771 3462 κεκλήσεται
2024 3389 2148 3441 133⁴:-

373 3483 645 3561 ζῶντος·
693 3478 998 3547 θανόντα
1025 3473 1118 3564 δ’,
1159 3468 1301 3546 εὖτ’
1337 3472 1423 3546 ἂν
1451 3473 1794 3558 είςἍιδου
1823 3477 2048 3561 μόλῃς.
