2492 3900
284 121 409 187 246

309 3036 447 3099 XO.

1060 123 1456 182 ΗΛΕΚΤΡΛ

517 289 638 371 θὲς
664 291 820 360 τόδε
846 297 1079 378 τεῦχος
1109 293 1267 378 ἐμᾶς
1293 287 1424 360 ἀπὸ
1459 288 1700 382 κρατὸς
1729 293 1798 360 ἑ-
2197 307 2294 361 140

514 388 735 480 λοῦσ’,
765 398 877 462 ἵνα
903 395 1103 484 πατρὶ
1129 393 1332 482 γόους
1355 399 1634 479 νυχίους

516 495 997 585 ἐπορθοβοάσω
1014 548 1033 584 ,

521 594 719 683 ἰαχὰν
746 593 986 666 ἀοιδὰν
1014 597 1210 683 μέλος
1237 592 1446 664 Ἀίδα.

518 699 724 786 πάτερ
740 749 759 783 ,
790 699 900 766 σοὶ
925 695 1093 766 κατὰ
1087 703 1242 818 γᾶς
1270 697 1534 768 ἐννέπω
1567 697 1770 786 γόους
1791 752 1809 786 ,

519 795 619 880 οἷς
647 795 753 868 ἀεὶ
778 797 853 868 τὸ
884 795 1039 868 κατ’
1067 789 1249 887 ἆμαρ
2203 815 2297 866 145

521 903 862 988 διέπομαι,
892 898 1061 970 κατὰ
1088 900 1215 988 μὲν
1248 906 1458 987 φίλαν

518 997 714 1088 ὄνυχι
742 1005 1113 1091 τεμνομένα
1139 1003 1366 1088 δέραν,

515 1104 677 1192 χέρα
703 1104 779 1174 δὲ
809 1100 1001 1194 κρᾶτ’
1038 1105 1147 1173 ἐπὶ
1172 1101 1502 1193 κούριμον

469 1299 483 1314 ι
520 1207 842 1292 τιθεμένα
868 1205 1142 1297 θανάτῳ
1167 1211 1287 1296 σῷ.

520 1307 557 1374 ἓ
583 1311 646 1391 ἔ,
678 1306 932 1395 δρύπτε
956 1304 1129 1397 κάρα
1149 1329 1164 1344 ·
2017 1302 2166 1374 ἀντ.
2205 1326 2311 1376 150

522 1397 628 1473 οἷα
658 1409 739 1475 δέ
759 1435 857 1488 τις
884 1408 1129 1488 κύκνος
1156 1405 1386 1495 ἀχέτας

523 1515 863 1595 ποταμίοις
889 1508 1068 1597 παρὰ
1093 1509 1418 1595 χεύμασιν

524 1609 776 1697 πατέρα
804 1616 1125 1697 φίλτατον
1152 1605 1458 1700 ἄγκαλεῑ,

524 1706 848 1797 ὀλόμενον
876 1716 1128 1792 δολίοις
1154 1707 1422 1800 βρόχων

524 1815 789 1898 ἕρκεσιν
808 1865 826 1900 ,
857 1809 947 1893 (ὃς
972 1813 1047 1882 σὲ
1072 1812 1191 1881 τὸν
1220 1808 1464 1881 ἄθλιον
2209 1831 2314 1883 155

526 1911 760 2006 πατέρ’
793 1915 923 2005 ἐγώ
954 1920 1456 2003 κατακλαίομαι,

527 2016 780 2106 λουτρὰ
806 2013 1189 2089 πανύσταθ’
1226 2013 1697 2105 ὑδρανάμενον
1723 2019 1891 2104 χροΐ,

526 2124 719 2209 κοίτᾳ
745 2122 821 2188 ἐν
847 2118 1235 2210 οἰκτροτάτᾳ
1263 2118 1588 2188 θανάτου.

526 2218 607 2285 ίοό
634 2227 753 2305 μοί
772 2246 885 2308 μοι

529 2326 769 2407 πικρᾶς
795 2320 920 2407 μὲν
946 2322 1276 2399 πελέκεως
1302 2326 1503 2408 τομᾶς
1529 2327 1650 2400 σᾶς
1667 2372 1686 2406 ,
1715 2316 1944 2409 πάτερ,
2211 2335 2318 2389 160

531 2428 772 2509 πικρᾶς
796 2417 866 2491 δ’
902 2425 975 2491 ἐκ
1009 2426 1248 2511 Τροίας
1277 2418 1444 2492 ὁδοῦ
1474 2428 1739 2509 βουλᾶς.

531 2518 615 2589 οὐ
641 2530 938 2614 μίτραισι
963 2522 1138 2612 γυνή
1165 2545 1241 2593 σε

531 2624 748 2705 δέξατ’
779 2622 931 2696 οὐδ’
964 2629 1073 2695 ἐπὶ
1099 2625 1475 2713 στεφάνοις.

526 2728 751 2812 ξίφεσι
782 2726 849 2795 δ’
886 2724 1284 2815 ἀμφιτόμοις
1312 2722 1572 2817 λυγρὰν

544 2831 877 2912 Αἰγίσθου
904 2828 1130 2915 λώβαν
1157 2831 1414 2915 θεμένα
2213 2842 2314 2895 165

533 2926 762 2995 δόλιον
790 2935 982 3015 ἔσχεν
1008 2925 1303 2998 ἀκοίταν.

524 3025 1007 3117 Ἀγαμέμνονος
1034 3022 1088 3100 οἶ
1114 3032 1303 3120 κόρα,
1897 3042 1904 3047 ’
2028 3048 2176 3116 ⁶³9·

535 3125 835 3218 ἤλυθον,
866 3129 1215 3223 Ἠλέκτρα,
1246 3135 1400 3201 ποτὶ
1431 3129 1559 3201 σὰν
1586 3128 1982 3222 ἀγρότειραν
2018 3128 2272 3203 αὐλάν,

536 3234 735 3317 ἔμολέ
757 3260 855 3313 τις
884 3241 1079 3322 ἔμολε
1106 3233 1601 3324 γαλακτοπότας
1629 3231 1800 3321 ἀνὴρ

925 3351 1116 3405 140-
1139 3352 1238 3405 149
1265 3380 1352 3407 -...=
1383 3350 1570 3406 157-
1593 3352 1690 3405 166

930 3449 1030 3504 167
1048 3477 1121 3488 -·
1141 3452 1242 3509 189
1265 3476 1352 3505 ---.·
1381 3453 1480 3507 190
1498 3477 1572 3487 --
1587 3453 1691 3505 212
