2492 3900
2218 207 2258 272 Οἱ

1155 201 1453 261 ΕΚΑΒΗ
2180 208 2211 270 1
2260 208 2298 272 5

511 364 999 451 ἀνθοκρόκοισι
1033 372 1295 459 πήναις,

422 464 430 473 “
514 461 560 554 ἢ
594 466 897 537 Τιτάνων
931 469 1174 557 γενεὰν

512 566 635 637 τάν
661 567 835 649 Ζεὺς
863 566 1232 663 ἄμφιπύρςο

513 677 788 757 κοιμίζει
815 679 1099 765 φλογμῷ
1128 678 1501 761 Κρονίδας,
1487 705 1501 721 ·

512 768 680 858 ω’μοι
712 775 1022 841 τεκέων’
989 780 1189 862 εμῶν,
2010 776 2151 849 ἀντ.
2190 796 2289 853 475
2370 782 2373 789 ’

511 900 678 960 ωμοι
709 876 1017 963 πατέρων
1042 876 1291 963 χθονός
1317 874 1394 946 θ’
1404 921 1421 955 ‚

510 1002 554 1042 α
579 982 810 1067 καπνῷ
841 983 1300 1067 κατερείπεται

509 1079 855 1165 τυφομένα
880 1083 1274 1168 δορίκτητος

505 1178 848 1266 Ἀργεΐων·
883 1178 1012 1262 ἐγώ
1045 1176 1106 1243 δ’
1145 1180 1219 1243 ἐν
1258 1182 1391 1257 ξεί-

509 1301 596 1363 νᾳ
627 1281 826 1360 χθονὶ
861 1279 945 1361 δὴ
979 1282 1299 1363 κέκλημαι
2184 1304 2286 1359 480

506 1380 749 1467 δούλα,
780 1380 1050 1453 λιποῦσ’
1079 1380 1309 1453 Ἀσίαν

503 1479 842 1571 Εὐρώπας
865 1484 1239 1573 θεράπναν,

506 1579 1028 1665 άλλάξασ’”Αιδα
1057 1586 1426 1674 θαλάμους.

275 1688 416 1750 ΤΑ.
497 1692 631 1753 ποῦ
659 1683 782 1773 τὴν
809 1683 1108 1757 α”νασσαν
1137 1687 1221 1776 δή
1254 1684 1401 1757 ποτ’
1437 1678 1653 1758 οὖσαν
1673 1685 1871 1759 Ἰλίου

491 1780 774 1874 Ἑκάβην
802 1784 888 1857 ἂν
915 1788 1283 1878 ἐξεύροιμι,
1322 1790 1635 1883 Τρῳάδες
1660 1791 1887 1880 κόραις
2178 1811 2279 1867 485
2406 1826 2415 1833 “

267 1892 412 1953 ΧΟ.
498 1884 669 1977 αὕτη
699 1891 900 1970 πέλας
928 1910 1053 1959 σου
1079 1890 1239 1961 νῶτ’
1274 1891 1497 1979 ἔχουσ’
1531 1895 1641 1963 ἐπὶ
1665 1901 1887 1980 χθονί,

499 1990 879 2077 Ταλθύβιε,
912 2007 1124 2060 κεῖται
1160 1997 1655 2080 ξυγκεκλῃμένη
1690 2000 1982 2075 πέπλοις.

272 2095 408 2156 ΤΑ.
486 2118 538 2160 ω
571 2099 743 2177 Ζεῦ,
773 2099 846 2160 τί
866 2094 1066 2175 λέξω;
1102 2093 1351 2182 πότερά
1378 2092 1444 2162 σ’
1478 2090 1885 2184 ἀνθρώπους
1914 2093 2119 2214 ὁρανς

246 3405 389 3466 ΕΚ.

493 2188 538 2279 ἢ
563 2193 766 2274 δόξαν
795 2191 1012 2273 άλλως
1039 2194 1239 2282 τήνδε
1268 2203 1637 2284 κεκτῆσθαι
1664 2195 1877 2284 μάτην

481 2292 748 2382 [ψευδῆ,
781 2300 1148 2377 δοκοῦντας
1174 2297 1520 2386 δαιμόνων
1548 2297 1718 2366 εἶναι
1744 2287 1963 2378 γένος]
1982 2341 2001 2376 ,
2168 2303 2269 2358 490

492 2395 704 2484 τύχην
730 2396 807 2465 δὲ
835 2396 1052 2466 πάντα
1077 2394 1202 2467 τάν
1227 2407 1491 2486 βροτοῖς
1517 2399 1905 2461 ἕπισκῦπέἴν
1920 2421 1937 2472 3

491 2492 615 2583 οὐχ
639 2493 751 2584 ἥδ’
785 2495 1044 2567 ἄνασσα
1069 2506 1204 2565 τῶν
1231 2493 1676 2583 πολυχρύσων
1706 2497 2023 2581 Φρυγῶν,

489 2594 612 2683 οὐχ
637 2595 760 2685 ἥδε
785 2599 1098 2688 Πριάμου
1125 2602 1246 2664 τοῦ
1275 2592 1423 2682 μέγ’
1459 2591 1696 2680 ὀλβίου
1727 2591 1982 2679 δάμαρ;

488 2700 602 2767 καὶ
628 2707 759 2768 νῦν
787 2699 976 2777 πόλις
1003 2696 1125 2784 μὲν
1155 2693 1314 2766 πᾶσ’
1349 2693 1712 2782 ἀνέστηκεν
1742 2699 1916 2782 δορί,

485 2795 655 2886 αὕτη
684 2799 760 2868 δὲ
787 2799 998 2886 δούλη
1025 2805 1238 2888 γραῦς
1264 2795 1463 2876 ἅπαις
1492 2800 1601 2866 ἐπὶ
1626 2798 1826 2884 χθονὶ
2169 2809 2265 2863 495

483 2913 696 2968 κεῖται
723 2898 909 2968 κόνει
937 2900 1256 2989 φύρουσα
1284 2900 1621 2987 δύστηνον
1648 2899 1841 2987 κάρα.

483 3007 618 3087 φεῦ
647 3007 812 3088 φεῦ·
846 3004 1066 3091 γέρων
1090 3004 1216 3089 μέν
1247 2998 1378 3090 εἰμ’
1386 3052 1405 3088 ,
1434 2997 1612 3088 ὅμως
1640 3003 1719 3068 δέ
1742 3027 1856 3098 μοι
1887 3008 2132 3067 θανεῖν

483 3111 585 3188 εἴη
616 3105 779 3191 πρὶν
807 3109 1047 3224 αἰσχρᾷ
1075 3117 1463 3189 περιπεσεῖν
1489 3101 1656 3189 τύχῃ
1685 3109 1839 3169 τινί.

479 3198 812 3288 ανίστασᾎ
846 3229 897 3270 ω
931 3203 1256 3288 δύστηνε,
1286 3203 1399 3268 καὶ
1428 3201 1785 3288 μετάρσιον

479 3300 784 3391 πλευραν
811 3309 1044 3392 ἔπαιρε
1071 3303 1184 3370 καὶ
1209 3298 1285 3369 τὸ
1316 3301 1696 3369 πάλλευκον
1723 3300 1912 3390 κάρα.
2158 3315 2263 3366 500

477 3407 584 3470 ἔα·
621 3409 721 3483 τίς
748 3393 945 3483 οὗτος
973 3424 1162 3490 σωμα
1189 3399 1441 3490 τουμὸν
1466 3399 1591 3471 οὐκ
1621 3406 1733 3494 ἐᾷς

476 3515 786 3586 κεῖσθαις
819 3510 893 3572 τί
913 3519 1121 3585 κινεῖς
1147 3499 1220 3591 μ’
1258 3500 1437 3584 ὅστις
1466 3503 1529 3572 εἷ
1553 3503 2020 3590 λυπουμένην;
