2492 3900
321 172 452 235 424

333 352 458 412 TP.

323 454 470 517 XO.

335 556 458 616 TP.

323 658 466 719 XO.

334 760 458 821 TP.

323 863 388 924 X
391 863 468 922 Ο.

333 1066 457 1126 TP.

1074 174 1587 234 ΙΠΠΟΛΥΤΟΣ

551 354 826 412 θανεῖν·
859 340 1075 412 ἀσιτεῖ
1099 340 1165 410 δ’
1199 349 1295 421 εἰς
1326 338 1693 411 ἀπόστασιν
1719 351 1897 431 βίου.

554 442 951 532 θαυμαστὸν
981 443 1202 531 εἶπας,
1237 450 1302 512 εἰ
1324 441 1474 513 τάδ’
1508 447 1773 534 ἐξαρκεῖ
1794 447 2007 515 πόσει.

555 547 836 635 κρύπτει
866 544 993 633 γὰρ
1023 541 1146 633 ἥδε
1174 552 1360 633 πῆμα
1392 541 1522 614 κοῦ
1554 569 1765 633 φησιν
1794 563 2045 617 νοσεῖν.

549 642 588 717 ὃ
617 644 683 717 δ’
721 655 816 729 εἰς
843 648 1201 735 πρόσωπον
1231 644 1315 716 οὐ
1344 655 1766 735 τεκμαίρεται
1795 651 2095 735 βλέπων;
2240 667 2353 720 ’280

553 756 835 838 ἔκδημος
865 745 962 817 ὢν
989 747 1117 837 γάρ
1147 754 1349 835 τῆσδε
1377 749 1692 836 τυγχάνει
1719 750 1988 836 χθονός.

552 851 638 921 σὺ
667 849 729 920 δ’
769 848 895 919 οὐκ
931 847 1236 938 ἀνάγκην
1263 853 1698 940 προσφέρεις,
1728 854 2111 940 πειρωμένη

557 952 762 1023 νόσον
788 955 1137 1022 πυθέσθαι
1165 957 1367 1038 τῆσδε
1394 954 1505 1021 καὶ
1534 953 1795 1022 πλάνον
1820 962 2134 1042 φρενῶν;

557 1062 650 1135 εἰς
682 1061 818 1125 πᾶν
847 1052 1133 1142 ἀφῖγμαι
1163 1050 1417 1123 κούδὲν
1447 1064 1797 1144 εἴργασμαι
1824 1058 2059 1124 πλέον·

555 1155 640 1226 οῦ
669 1155 804 1246 μὴν
833 1154 1059 1243 ἀνήσω
1087 1152 1153 1242 γ’
1185 1151 1347 1224 οῦδὲ
1373 1162 1505 1225 νῦν
1534 1164 1938 1245 προθυμίας,
2242 1174 2351 1227 ’285

556 1256 644 1340 ὥς
673 1255 758 1327 άν
786 1265 1093 1348 παροῦσα
1121 1259 1232 1326 καὶ
1262 1256 1349 1327 σύ
1374 1285 1488 1344 μοι
1516 1262 1987 1348 ξυμμαρτυρῇς

557 1366 664 1430 οἵα
696 1364 968 1449 πέφυκα
997 1366 1407 1445 δυστυχοῦσι
1437 1360 1807 1441 δεσπόταις.

557 1458 692 1550 ἄγ’,
725 1455 778 1529 ὦ
811 1470 975 1549 φίλη
1008 1476 1162 1547 παῖ,
1192 1468 1330 1530 τῶν
1360 1461 1652 1551 πάροιθε
1677 1463 1801 1550 μὲν
1827 1461 2051 1548 λόγων

556 1560 907 1652 zamma&
941 1560 1179 1652 ἄμφω,
1215 1565 1329 1631 καὶ
1354 1563 1443 1632 σύ
1468 1560 1546 1631 θ’
1581 1561 1797 1651 ἡδίων
1827 1568 2034 1651 γενοῦ

483 1734 492 1742 ,
561 1664 860 1753 στυγνὴν
887 1660 1115 1753 ὀφρῦν
1144 1663 1402 1734 λύσασα
1428 1667 1540 1733 καὶ
1568 1663 1835 1753 γνώμης
1864 1660 2048 1750 ὁδόν,
2242 1680 2357 1734 290

558 1767 686 1856 ἐγώ
722 1764 798 1835 θ’
834 1764 965 1857 ὅπῃ
993 1787 1099 1836 σοι
1126 1765 1215 1854 μὴ
1245 1774 1463 1847 καλῶς
1495 1764 1648 1835 τόθ’
1684 1766 1966 1855 εἱπόμην

559 1866 823 1960 μεθεῖσ’
856 1866 962 1939 ἐπ’
997 1865 1202 1936 ἀλλον
1235 1867 1368 1958 εἶμι
1402 1875 1643 1957 βελτίω
1672 1868 1896 1957 λόγον.

555 1981 663 2044 κεί
686 1973 809 2061 μὲν
840 1987 1060 2051 νοσεῖς
1087 1999 1151 2040 τι
1179 1978 1316 2040 τῶν
1346 1968 1745 2059 ἀπορρήτων
1772 1979 2020 2059 κακῶν,

558 2091 874 2163 γυναῖκες
903 2080 1050 2143 αἵδε
1078 2073 1615 2160 συγκαθιστάναι
1640 2072 1847 2143 νόσον
1863 2094 1879 2109 ·

560 2185 622 2245 εί
646 2173 713 2244 δ’
747 2175 1036 2265 ἔκφορός
1063 2199 1170 2244 σοι
1199 2172 1519 2263 συμφορὰ
1546 2173 1711 2262 πρὸς
1739 2171 2046 2262 ἄρσενας,
2243 2193 2357 2247 295

557 2275 725 2364 λέγ’,
759 2274 848 2356 ὥς
876 2283 1124 2365 ἰατροῖς
1150 2284 1423 2365 πρᾶγμα
1448 2265 1727 2366 μηνυθῇ
1753 2275 1927 2346 τόδε.

561 2377 729 2448 εἷεν·
762 2387 830 2446 τί
853 2384 1072 2468 σιγᾷς;
1099 2372 1224 2446 οὐκ
1253 2383 1454 2466 ἐχρῆν
1484 2385 1715 2466 σιγᾶν,
1746 2381 2004 2464 τέκνον,

559 2477 708 2550 ἀλλ’
739 2477 783 2570 ἤ
817 2476 888 2569 μ’
922 2483 1248 2567 ἐλέγχειν,
1284 2486 1353 2549 εἴ
1370 2507 1433 2550 τι
1460 2478 1550 2568 μὴ
1579 2487 1797 2560 καλῶς
1824 2483 2019 2568 λέγω,

561 2580 606 2672 ἢ
632 2599 846 2653 τοῖσιν
877 2573 956 2652 εὖ
985 2592 1285 2670 λεχθεῖσι
1319 2598 1694 2672 συγχωρεῖν
1722 2581 1963 2668 λόγοις.

561 2689 851 2775 φθέγξαι
879 2712 964 2772 τι,
998 2681 1192 2773 δεῦρ’
1229 2681 1567 2772 ἄθρησον·
1604 2675 1658 2752 ὦ
1686 2680 1943 2754 τάλαιν’
1979 2681 2130 2771 ἐγώ.
2238 2699 2352 2752 300

562 2803 898 2875 γυναῖκες,
928 2783 1144 2866 ἄλλως
1170 2786 1414 2857 τούσδε
1442 2793 1834 2875 μοχθοῦμεν
1861 2785 2136 2871 πόνους,

563 2901 712 2958 ἴσον
739 2887 801 2957 δ’
835 2886 1132 2975 ἄπεσμευ
1161 2895 1253 2980 τῷ
1282 2896 1475 2978 πρίν·
1510 2884 1667 2958 οὔτε
1692 2887 1821 2977 γὰρ
1857 2886 2005 2957 τότε

562 2990 784 3078 λόγοις
811 2987 1113 3077 ἑτέγγεθ’
1148 2987 1271 3078 ἥδε
1296 2997 1429 3060 νῦν
1455 2987 1515 3060 τ’
1548 2988 1631 3058 οῦ
1660 2997 1987 3060 πείθεται.

565 3089 712 3161 ἀλλ’
748 3103 895 3162 ἴσθι
921 3094 1182 3180 μέντοι,
1214 3090 1380 3182 πρὸς
1406 3089 1554 3162 τάδ’
1590 3089 2058 3178 αὐθαδεστέρα

563 3202 804 3285 γίγνου
833 3195 1206 3282 θαλάσσης,
1239 3201 1303 3262 εἰ
1324 3205 1557 3281 θανεῖ,
1596 3199 1943 3281 προδοῦσα
1973 3190 2139 3272 σούς
2238 3205 2348 3260 305

563 3303 803 3379 παῖδας
832 3295 1163 3390 πατρῴων
1191 3295 1281 3384 μὴ
1310 3299 1713 3385 μεθέξοντας
1743 3295 1992 3383 δόμων,

565 3398 655 3486 μά
683 3398 807 3487 τὴν
835 3397 1136 3468 ἄνασσαν
1165 3403 1405 3466 ἶππίαν
1431 3396 1771 3484 Ἀμαζόνα,

559 3497 605 3584 ἢ
632 3515 772 3578 σοῖς
806 3503 1097 3568 τέκνοισι
1127 3499 1459 3586 δεσπότην
1489 3502 1789 3585 ἐγείνατο
