2492 3900
902 0 1062 24 ἡ,

863 178 1401 237 ΗῬΑΚΛΕΙΔΑΙ

341 341 425 414 οὐ
450 345 819 434 νησιώτην,
853 339 908 415 ῶ
935 350 1142 434 ξένοι,
1179 355 1389 438 τρίβω
1417 356 1593 438 βίον,

350 443 502 515 ἀλλ’
536 450 608 517 ἐκ
640 456 999 536 Μυκηνῶν
1025 447 1153 538 σὴν
1184 445 1539 539 ἀφίγμεθα
1565 452 1801 539 χθόνα.

244 603 256 616 .
341 545 553 636 ὄνομα
579 556 652 618 τί
676 571 784 638 σε,
815 554 1038 640 γέρον,

345 659 749 738 Μυκηναῖος
779 648 1118 741 ὠνόμαζεν
1145 652 1347 736 λεω’ς;

220 805 233 818 .
340 750 461 820 τὸν
480 749 875 841 Ἡράκλειον
904 763 1043 823 ἴστε
1071 781 1206 825 που
1233 754 1663 845 παραστάτην

338 850 734 924 Ἰόλαον·οὐ
768 853 894 946 γὰρ
924 854 1116 944 ὄνομ’
1134 853 1516 947 ἀκήρυκτον
1544 857 1717 926 τόδε.

241 1008 256 1022 .
345 952 477 1023 οἷδ’
512 957 905 1038 εἰσακούσας
931 961 1044 1027 καὶ
1073 965 1271 1062 πρίν·
1307 954 1476 1027 ἀλλὰ
1507 965 1630 1027 τοῦ

343 1054 492 1125 ποτ’
525 1060 601 1126 έν
627 1060 798 1147 χειρὶ
828 1066 915 1150 σᾷ
948 1052 1233 1148 κομίζεις
1262 1059 1508 1148 κόρους

346 1175 765 1248 νεοτρεφεῖς;
803 1160 1086 1249 φράσον.

141 1268 152 1278 ’
219 1314 231 1327 .
331 1257 736 1352 Ἡρακλέους
766 1259 897 1331 οἷδ’
933 1265 1063 1332 εἰσὶ
1091 1269 1360 1350 παῖδες,
1395 1291 1446 1332 ω
1423 1254 1676 1348 ξένοι,

104 1881 256 1941 ΚΟ.

107 2086 285 2145 XO:

111 2493 255 2554 ΚΟ.

114 2698 253 2758 ΧΟ.

114 2901 256 2962 ΚΟ.

115 3105 251 3167 ΧΟ.

20 3396 30 3477 f¹
117 3412 253 3473 KO.

347 1364 555 1432 ἱκέται
583 1366 789 1433 σέθεν
815 1391 886 1433 τε
913 1367 1025 1434 καὶ
1050 1365 1308 1446 πόλεως
1336 1362 1714 1454 ἀφιγμένοι.

163 1473 172 1483 ’
241 1518 255 1530 .
339 1472 411 1532 τί
431 1461 690 1554 χρέος”
647 1495 690 1554 η
717 1466 939 1554 λόγων
966 1466 1234 1553 πόλεος,
1267 1469 1465 1537 ἔνεπέ
1484 1495 1620 1556 μοι,

344 1567 702 1655 μελόμενοι
731 1584 995 1656 τυχεῖν,

337 1666 492 1756 μήτ’
527 1673 894 1757 ἐκδοθῆναι
924 1668 1089 1758 μη’τε
1120 1669 1287 1760 πρὸς
1316 1678 1475 1758 βίαν
1504 1676 1691 1739 θεῶν

341 1778 479 1839 τῶν
503 1778 645 1840 σῶν
673 1768 1217 1853 ἀποσπασθέντες
1247 1779 1341 1852 είς
1357 1769 1603 1861 ’Ἄργος
1627 1779 1876 1858 μολεῖν.

343 1869 491 1941 ἀλλ’
525 1870 674 1942 οὔτι
702 1889 838 1955 τοῖς
869 1890 1011 1958 σοῖς
1041 1875 1393 1955 δεσπόταις
1422 1872 1571 1942 τάδ’
1604 1871 1888 1963 ἀρκέσει,

343 1983 413 2044 οἳ
435 1984 560 2046 σοῦ
589 1984 993 2065 κρατοῦντες
1022 1975 1262 2047 ἐνθάδ’
1298 1972 1697 2066 εὑρίσκουσί
1718 1996 1812 2044 σε.

342 2077 517 2158 εἰκὸς
543 2085 731 2164 θεῶν
760 2084 1031 2167 ίκτῆρας
1058 2084 1432 2165 αἰδεῖσθαι,
1464 2080 1631 2164 ξένε,

342 2181 456 2248 καὶ
482 2178 572 2267 μὴ
603 2188 803 2272 βιαίῳ
833 2184 1007 2270 χειρὶ
1036 2182 1380 2270 δαιμόνων

341 2280 697 2352 ἀπολιπεῖν
724 2286 842 2371 ἕδη
859 2305 874 2320 ·

343 2382 579 2453 πότνια
610 2384 737 2474 γὰρ
766 2391 948 2455 Δίκα
977 2382 1126 2454 τάδ’
1159 2382 1242 2455 οὐ
1273 2392 1590 2455 πείσεται.

345 2490 641 2574 έκπεμπέ
663 2515 796 2555 νυν
823 2495 943 2575 γῆς
970 2487 1212 2556 τούσδε
1237 2485 1394 2567 τοὺς
1428 2484 1856 2575 Εὐρυσθέως,

344 2584 592 2657 κούδὲν
619 2596 820 2680 βιαίῳ
848 2594 1008 2679 τῇδε
1035 2588 1362 2677 χρήσομαι
1389 2596 1555 2676 χερί.

340 2686 554 2758 ἄθεον
583 2696 842 2760 ἱκεσίαν

339 2801 649 2879 μεθεῖναι
677 2792 865 2861 πόλει
891 2796 1104 2875 ξένων
1130 2791 1579 2884 προστροπάν.

345 2892 555 2963 καλὸν
582 2896 663 2962 δέ
687 2891 755 2980 γ’
789 2897 910 2976 ἔξω
941 2894 1349 2983 πραγμάτων
1377 2901 1552 2981 ἔχειν
1580 2891 1775 2978 πόδα,

342 2991 702 3083 εὐβουλίας
729 2996 1014 3083 τυχόντα
1042 3004 1154 3084 τῆς
1183 2993 1553 3083 ἀμείνονος.

336 3098 594 3166 οὔκουν
621 3097 932 3191 τυράννῳ
961 3103 1161 3186 τῆσδε
1186 3105 1308 3185 γῆς
1338 3096 1689 3186 φράσαντά
1717 3119 1791 3164 σε

338 3205 509 3288 χρῆν
539 3207 747 3269 ταῦτα
775 3206 1058 3288 τολμᾶν,
1089 3197 1258 3268 ἀλλὰ
1282 3197 1371 3287 μὴ
1405 3206 1522 3290 βίᾳ
1549 3201 1781 3281 ξένους

337 3307 526 3370 θεῶν
553 3298 907 3391 ἀφέλκειν,
942 3308 1072 3390 γῆν
1099 3299 1362 3390 σέβοντ’
1398 3302 1800 3388 έλευθέραν;

336 3409 437 3483 τίς
467 3399 536 3472 δ’
570 3405 710 3473 ἐστὶ
733 3401 953 3493 χῶρας
979 3408 1180 3491 τῆσδε
1207 3405 1320 3473 καὶ
1353 3404 1607 3482 πόλεως
1638 3400 1835 3483 ἔναξε

114 3514 251 3574 ΧΟ.
331 3508 588 3573 ἐσθλοῦ
620 3504 868 3595 πατρὸς
897 3520 1050 3586 παῖς
1064 3513 1420 3595 Δημοφῶν
1453 3501 1488 3574 ὃ
1522 3506 1811 3592 Θησέως.

1584 3600 1709 3663 19*

2008 180 2120 240 291„

2032 2505 2112 2545 ΙΙ“ἰΙ“·

2032 3525 2116 3569 ιθ»
