2492 3900
323 124 448 189 114

1158 128 1487 186 BAKXAI

553 276 700 364 ὥστ’
740 301 804 365 εἰ
825 301 1175 383 παρῆσθα,
1204 294 1326 365 τὸν
1357 294 1527 365 θεὸν
1554 294 1674 366 τὸν
1702 302 1835 366 νῦν
1863 300 2091 388 ψέγεις

551 394 853 484 εὐχαῖσιν
880 392 966 466 ἂν
991 404 1319 485 μετῆλθες
1350 395 1621 467 εἰσιδών
1648 397 1825 467 τάδε.

553 498 980 587 ξυνήλθομεν
1006 498 1082 567 δὲ
1107 498 1430 587 βουκόλοι
1455 500 1570 569 καὶ
1596 502 1929 589 ποιμένες,

449 662 452 667 .
553 607 807 670 κοινῶν
842 599 1064 688 λόγων
1092 600 1425 680 δώσοντες
1452 597 1764 688 ἀλλήλοις
1792 608 1959 693 ἔριν,

515 750 518 753 -
552 700 642 783 ὥς
671 700 863 772 δεινὰ
899 706 1111 792 δρῶσι
1139 701 1511 791 θαυμάτων
1537 697 1587 771 τ’
1623 702 1886 785 ἐπάξια·

549 810 672 873 καί
689 829 789 884 τις
815 804 1069 892 πλάνης
1093 800 1230 873 κατ’
1264 800 1433 873 ἄστυ
1460 804 1574 872 καὶ
1602 810 1856 894 τρίβων
1880 805 2103 893 λόγων

533 908 774 987 “ὲ’λεξεν
809 912 902 986 εἰς
929 902 1255 985 ἅπαντας·
1290 896 1346 973 ὦ
1372 902 1619 993 σεμνὰς
1644 905 1901 987 πλάκας

550 1015 852 1087 ναίοντες
883 1004 1132 1097 ὀρέων,
1165 1008 1401 1076 θέλετε
1426 1006 1889 1097 θηρασώμεθα

548 1111 873 1189 Πενθέως
892 1106 1183 1196 Ἀγαύην
1208 1104 1428 1197 μητέρ’
1461 1112 1534 1178 ἐκ
1559 1108 2043 1197 βακχευμάτων

547 1210 743 1300 χάριν
769 1207 818 1279 τ’
851 1206 1088 1279 ἄνακτι
1114 1217 1384 1299 θῶμεν;
1410 1200 1490 1280 εὖ
1516 1207 1585 1279 δ’
1618 1206 1779 1298 ἡμῖν
1805 1213 2029 1298 λέγειν

551 1316 768 1399 ἔδοξε,
796 1310 1084 1400 θάμνων
1121 1308 1187 1381 δ’
1221 1314 1639 1401 ἐλλοχίζομεν
1668 1311 1911 1400 φόβαις

549 1414 928 1502 κρύψαντες
954 1410 1200 1495 αὐτούς
1216 1436 1231 1451 ·
1262 1408 1333 1483 αἳ.
1362 1410 1589 1501 δὲτὴν
1617 1416 2027 1503 τεταγμένην

551 1512 735 1605 ὥραν
762 1518 1038 1584 ἐκίνουν
1071 1514 1343 1604 θύρσον
1372 1521 1466 1595 εἰς
1498 1516 1948 1605 βακχεύματα,

529 1615 794 1703 Ἴακχον
821 1613 1055 1709 ἀθρόῳ
1081 1616 1355 1705 στόματι
1381 1615 1500 1686 τὸν
1512 1616 1683 1698 Διὸς
1708 1617 1913 1705 γόνον

545 1718 840 1807 Βρόμιον
865 1726 1222 1788 καλοῦσαι·
1260 1724 1395 1788 πᾶν
1421 1724 1462 1787 δ
1466 1718 1498 1787 ὲ
1525 1714 1953 1809 συνεβάκχευ’
1988 1715 2143 1808 ὅρος

550 1821 660 1889 καὶ
687 1826 926 1911 θῆρες,
960 1817 1165 1890 οὐδὲν
1193 1816 1259 1889 δ’
1290 1811 1377 1908 ἦν
1405 1818 1722 1908 ἀκίνητον
1749 1820 1997 1911 δρόμῳ.

545 1932 748 2012 κυρεῖ
768 1918 833 1992 δ’
859 1919 1106 2011 Ἀγαύη
1135 1928 1421 2011 πλησίον
1447 1920 1857 2012 θρώσκουσά
1880 1949 2012 2010 μου
2030 1944 2045 1960 ·

547 2021 733 2112 κάγώ
755 2021 1087 2113 ’ξεπήδηὸ
1120 2021 1210 2106 ὦς
1235 2024 1661 2116 συναρπάσαι
1684 2025 1933 2110 θέλων,

549 2126 805 2214 λόχμην
831 2127 1127 2206 κενώσας
1155 2123 1295 2196 ἔνθ’
1328 2125 1745 2214 ἐκρύπτομεν
1772 2127 1992 2212 δέμας.

549 2227 593 2314 ἢ
623 2223 693 2296 δ’
726 2225 1094 2314 ἀνεβόησεν
1116 2249 1132 2264 ·
1165 2218 1220 2296 ώ
1249 2227 1579 2317 δρομάδες
1608 2227 1758 2314 ἐμαὶ
1783 2226 2008 2313 κύνες,

2224 624 2331 681 715
2484 666 2492 680 .

2217 1128 2321 1184 ’120

2220 1636 2317 1691 725

2218 2141 2319 2197 730

550 2324 894 2415 θηρώμεθ’
927 2324 1200 2417 ἀνδρῶν
1227 2325 1432 2397 τῶνδ’
1466 2325 1575 2396 ὕπ’
1595 2351 1609 2365 ·
1643 2323 1778 2421 ἀλλ’
1812 2330 2065 2397 ἕπεσθέ
2085 2355 2221 2416 μοι,

549 2430 798 2500 ἕπεσθε
823 2427 1114 2518 θύρσοις
1142 2427 1259 2498 διὰ
1282 2435 1500 2518 χερῶν
1529 2424 1959 2516 ὡπλισμέναι.

543 2526 732 2618 ἡμεῖς
757 2531 880 2620 μὲν
905 2522 1034 2601 οὖν
1062 2530 1433 2620 φεύγοντες
1461 2530 1863 2618 ἐξηλύξαμεν

546 2639 829 2721 Βακχῶν
862 2633 1279 2723 σπαραγμόν,
1313 2633 1383 2702 αἳ
1410 2632 1487 2702 δὲ
1510 2633 1909 2720 νεμομέναις
1935 2631 2140 2718 χλόην

547 2734 814 2822 μόσχοις
840 2739 1142 2820 ἐπῆλθον
1166 2732 1389 2823 χειρὸς
1420 2731 1746 2822 ἀσιδήρου
1772 2735 1954 2821 μέτα.

549 2837 662 2904 καὶ
689 2834 812 2922 τὴν
843 2835 968 2923 μὲν
996 2830 1082 2904 ἂν
1109 2840 1459 2926 προσεῖδες
1489 2830 1789 2922 εὔθηλον
1816 2833 2019 2918 πόριν

547 2938 952 3026 μυκωμένην
979 2943 1265 3024 ἔχουσαν
1292 2941 1367 3007 ἐν
1390 2951 1620 3026 χεροῖν
1644 2934 1903 3023 ἀκμαῖς,

547 3035 740 3107 αλλαι
767 3038 844 3108 δὲ
871 3038 1168 3126 δαμάλας
1198 3039 1567 3129 διεφόρουν
1594 3037 2084 3128 σπαράγμασιν.

549 3138 722 3220 εἶδες
749 3137 816 3209 δ’
851 3168 936 3210 αν
966 3169 1006 3228 η
1037 3139 1264 3229 πλεύρ’
1302 3135 1347 3229 ἢ
1374 3146 1649 3227 δίχηλον
1678 3145 1960 3226 ἔμβασιν

547 3238 876 3366 ῥιπτόμεν’
913 3270 1052 3312 ανω
1079 3269 1151 3312 τε
1177 3245 1291 3312 καὶ
1318 3241 1527 3312 κάτω·
1586 3237 1924 3372 κρεμαστα
1952 3238 2029 3306 δὲ

545 3339 756 3426 ἔσταζ’
795 3340 904 3413 ὑπ’
940 3334 1265 3425 ἐλάταις’
1227 3339 1726 3433 αναπεφυρμέν’
1756 3347 2005 3428 αἵματι.

546 3451 782 3534 ταῦροι
810 3441 875 3514 δ’
908 3440 1219 3536 υβρισταὶ
1245 3453 1385 3527 κείς
1409 3448 1606 3535 κέρας
1632 3443 2054 3532 θυμούμενοι

2214 2644 2311 2701 735

2162 3072 2456 3236 Ji(
2484 3324 2492 3341 .
