2492 3900
1029 172 1257 228 ΕΚΑΒ
1270 172 1332 228 Η
2063 168 2186 235 159

413 343 628 427 φύσιν
657 334 1027 427 διέφθειρ’,
1056 333 1224 427 ἀλλὰ
1251 339 1531 428 χρηστός
1558 337 1695 409 ἐστ’
1728 336 1867 424 άεί;

413 428 524 529 ἆρ’
560 443 632 506 oc
653 437 954 519 τεκόντες
983 442 1427 528 διαφέρουσιν
1454 435 1498 528 ἦ
1524 450 1777 528 τροφαί
1788 474 1806 523 ;

413 546 545 626 ἔχει
571 565 649 627 γε
681 541 910 627 μέντοι
946 543 1061 609 καὶ
1096 537 1172 605 τὸ
1209 541 1599 630 θρεφθῆναι
1634 546 1864 622 καλῶς·
2090 561 2190 613 fflm

412 643 674 724 δίδαξιν
705 643 959 708 ἐσθλοῦ
977 662 991 676 ·
1027 646 1222 708 τοῦτο
1252 638 1315 709 δ’
1348 639 1433 729 ἤν
1461 669 1560 722 τις
1590 633 1669 711 εὖ
1696 645 1904 734 μάθῃ,

374 732 388 737 “
411 741 598 812 οἶδεν
624 740 700 810 τό
727 737 799 829 γ’
832 740 1142 831 αἰσχρόν,
1173 743 1410 811 κανόνι
1441 750 1562 812 τοῦ
1591 753 1802 813 καλοῦ
1830 749 2086 833 μαθών.

408 846 521 912 καὶ
548 849 754 912 ταῦτα
781 842 904 929 μὲν
933 840 1017 930 δὴ
1046 849 1209 923 νοῦς
1238 844 1585 926 ἐτόξευσεν
1612 846 1824 934 μάτην
1842 869 1856 883 ·

407 944 494 1013 σύ
525 941 589 1012 δ’
626 942 784 1012 ἐλθὲ
810 945 924 1012 καὶ
949 943 1248 1031 σήμηνον
1267 942 1589 1035 Ἀργείοις
1615 947 1793 1034 τάδε,

406 1044 496 1133 μὴ
526 1045 882 1133 θιγγάνειν
918 1070 1030 1129 μοι
1068 1042 1332 1134 μηδέν’,
1362 1044 1511 1115 ἀλλ’
1546 1057 1797 1137 εἴργειν
1830 1046 2026 1135 ὄχλου
2086 1069 2186 1117 ιςις,ιὲ;ι

410 1154 527 1234 τῆς
554 1146 810 1226 παιδός.
850 1152 925 1215 ἔν
952 1173 1053 1215 τοι
1080 1154 1303 1238 μυρίῳ
1331 1149 1772 1236 στρατεύματι

408 1244 772 1327 ἀκόλαστος
801 1243 992 1334 ὄχλος
1017 1248 1302 1335 ναυτική
1330 1246 1389 1316 τ’
1425 1246 1709 1340 ἀναρχία

407 1356 740 1437 κρείσσων
768 1348 1014 1439 πυρός,
1043 1347 1246 1430 κακὸς
1276 1347 1343 1420 δ’
1378 1348 1413 1419 ὁ
1442 1350 1531 1438 μή
1560 1379 1622 1419 τι
1651 1357 1837 1441 δρῶν
1865 1357 2090 1422 κακὼ-ν,

225 1468 280 1526 1„
406 1448 494 1519 σὺ
523 1448 589 1519 δ’
623 1441 713 1520 αὖ
741 1456 1043 1537 λαβοῦσα
1074 1457 1343 1539 τεῦχος,
1373 1450 1614 1541 ἀρχαία
1641 1453 1851 1545 λάτρι,

405 1550 656 1639 βάψασ’
690 1559 920 1638 ἔνεγκε
948 1557 1154 1641 δεῦρο
1182 1560 1457 1634 ποντίας
1488 1550 1662 1643 ἁλός,
2086 1573 2186 1621 61ιί

346 1654 350 1684 ⁷
409 1649 497 1733 ὥς
523 1658 728 1723 παῖδα
757 1660 1063 1742 λουτροῖς
1089 1668 1227 1733 τοῖς
1256 1655 1696 1735 πανυστάτοις
1726 1654 1892 1743 ἐμὴν
1958 1713 1962 1721 .

405 1753 684 1842 νύμφην
711 1750 769 1822 τ’
804 1750 1119 1843 ἅνυμφον
1147 1758 1497 1843 παρθένον
1524 1753 1585 1825 τ’
1619 1753 2010 1846 &adpasvfflf

407 1854 630 1923 λούσω
661 1861 1029 1943 προθώμαί
1048 1854 1127 1924 θ’
1147 1879 1161 1893 ·
1204 1853 1294 1937 ὦς
1322 1856 1445 1944 μὲν
1477 1855 1661 1944 ἀξία,
1701 1857 1950 1941 πόθεν;

407 1953 530 2025 οὐκ
560 1952 644 2026 ἂν
673 1961 1041 2046 δυναίμην·
1077 1955 1166 2039 ὡς
1195 1956 1261 2029 δ’
1294 1966 1453 2047 ἔχω·
1490 1966 1560 2027 τί
1582 1959 1710 2049 γὰρ
1741 1959 1974 2041 πάθως

403 2058 656 2146 κόσμον
681 2054 742 2127 τ’
781 2055 1081 2148 άγείρασ’
1114 2065 1620 2148 αἰχμαλωτίδων
1648 2061 1850 2150 πάρα,
2086 2077 2182 2129 515

407 2163 484 2228 αἵ
502 2186 616 2246 μοι
645 2158 971 2250 πάρεδροι
999 2159 1204 2230 τῶνδ’
1239 2169 1369 2230 ἔσω
1399 2163 1853 2250 σκηνωμάτων

398 2261 810 2346 θάσσουσιν,
851 2273 919 2332 εἴ
943 2291 1038 2343 τις
1073 2290 1232 2344 τους
1265 2265 1504 2333 νεωστὶ
1539 2259 1860 2340 δεσπότας

408 2358 699 2430 λαθοῦσ’
734 2368 867 2448 ἔχει
897 2388 959 2429 τι
988 2365 1244 2450 κλέμμα
1272 2370 1409 2432 τῶν
1435 2360 1640 2452 αὑτῆς
1668 2362 1917 2451 δόμωι.

410 2490 463 2532 ω
492 2459 766 2550 σχήματ’
801 2472 1041 2550 οἴκων,
1074 2490 1125 2530 ω
1156 2461 1306 2532 ποτ’
1342 2461 1641 2551 εὐτυχεῖς
1670 2465 1885 2553 δόμοι,

408 2591 460 2633 ω
490 2561 742 2632 πλεῖστ’
778 2570 948 2651 ἔχων
977 2563 1294 2633 κάλλιστά
1321 2564 1381 2633 τ’
1418 2563 1863 2634 ευτεκνώτατε
2082 2586 2182 2638 fiis*

405 2673 704 2754 Πρίαμε,
735 2665 971 2754 γεραιά
998 2663 1073 2734 θ’
1106 2662 1216 2753 ηδ’
1254 2663 1382 2753 ἐγω
1412 2663 1625 2755 μη’τηρ
1653 2667 1926 2754 τέκνων,

409 2764 497 2847 ὡς
527 2774 620 2847 είς
647 2765 720 2836 τὸ
747 2767 958 2856 μηδὲν
986 2763 1272 2856 ἥκομεν,
1302 2768 1727 2857 φρονήματος

413 2876 530 2937 τοῦ
559 2871 720 2959 πρὶν
746 2871 1108 2958 στερέντες.
1146 2869 1289 2940 εἶτα
1316 2867 1462 2957 δῆτ’
1495 2868 1883 2958 ὀγκούμεθα

409 2969 447 3038 δ
470 2972 592 3058 μέν
619 2998 717 3050 τις
747 2967 940 3058 ἡμῶν
970 2979 1315 3052 πλουσίοις
1343 2975 1417 3040 ἐν
1448 2973 1769 3059 δώμασιν,

407 3068 444 3141 ’ὁ
475 3067 539 3140 δ’
574 3075 648 3141 ἐν
676 3079 977 3153 πολίταις
1006 3079 1218 3161 τίμιος
1247 3076 1671 3161 κεκλημένος.
2082 3090 2178 3142 ῇὲῡ

409 3172 489 3241 τὰ
518 3170 584 3241 δ’
619 3171 855 3243 οὐδέν·
892 3171 1109 3255 άλλως
1138 3180 1524 3264 φροντίδων
1554 3175 1978 3264 βουλεύματα

409 3273 711 3367 γλώσσης
737 3302 809 3344 τε
834 3276 1101 3363 κόμποι.
1135 3291 1354 3356 κεῖνος
1382 3273 1799 3366 ὀλβιώτατος,

409 3372 542 3470 ότω
571 3372 709 3446 κατ’
748 3406 926 3468 ημαρ
956 3378 1271 3466 τυγχάνει
1298 3379 1508 3466 μηδὲν
1536 3378 1767 3449 κακόν.
