2492 3900
208 816 352 878 XO.

205 1023 356 1081 AA.

206 1836 349 1897 XO.

207 2043 353 2102 AA.

208 2552 349 2614 XO.

989 114 1436 190 ΑΛΚΗΣΤῙΣ
2144 127 2227 190 23

441 294 616 387 ἡγοῦ
662 300 749 364 σύ
782 301 950 388 τῷδε
1004 295 1335 384 δωμάτων
1362 298 1685 379 ἐξωπίους

440 405 735 484 ξενῶνας
764 401 976 484 οῖ’ξας,
1008 412 1146 479 τοῖς
1168 394 1218 467 τ’
1252 401 1625 485 ἐφεστῶσιν
1653 398 1917 487 φράσον

440 509 650 571 σίτων
676 515 988 588 παρεῖναι
1015 506 1311 589 πλῆθος·
1348 504 1423 571 ἐν
1457 500 1533 570 δὲ
1563 500 1847 590 κλῄσατε

440 603 667 691 θύρας
689 601 1093 691 μεσαύλους·
1127 597 1210 671 οὐ
1240 604 1481 691 πρέπει
1511 606 1976 691 θοινωμένους

439 704 676 775 κλύειν
704 710 1097 792 στεναγμῶν
1123 699 1286 773 οὐδὲ
1318 712 1684 775 λυπεῖσθαι
1715 705 1967 788 ξένους.
2125 724 2228 776 550

435 815 506 877 τί
528 813 728 899 δρᾷς;
763 805 1076 895 τοιαύτης
1105 813 1463 896 συμφορᾶς
1490 810 2007 897 προσκειμένης,

418 906 744 998 Ἀδμητε,
775 914 1021 999 τολμᾷς
1050 909 1465 990 ξενοδοκεῖν;
1496 916 1566 977 τί
1587 917 1812 998 μῶρος
1842 909 1935 991 εἷς

442 1008 578 1080 ἀλλ’
613 1016 677 1081 εί
700 1010 930 1097 δόμων
958 1030 1089 1097 σφε
1120 1010 1234 1078 καὶ
1262 1009 1518 1090 πόλεως
1546 1007 1856 1097 ἀπήλασα

440 1116 632 1196 ξένον
665 1110 992 1200 μολόντα,
1020 1118 1280 1199 μᾶλλον
1312 1108 1398 1181 ἄν
1424 1108 1483 1199 μ’
1522 1112 1880 1201 ἐπῄνεσας;

439 1212 522 1284 οὐ
551 1211 712 1303 δῆτ’,
743 1216 896 1284 έπεί
916 1240 1030 1300 μοι
1057 1211 1376 1302 συμφορὰ
1404 1214 1529 1302 μὲν
1556 1210 1764 1284 οὐδὲν
1798 1209 1885 1284 ἀν
2127 1233 2229 1283 555

438 1324 649 1405 μείων
678 1313 990 1403 ἐγίγνετ’,
1021 1311 1428 1405 ἀξενῶτερος
1456 1313 1523 1385 δ’
1556 1316 1709 1404 ἐγῶ.

441 1421 554 1487 καὶ
582 1416 749 1509 πρὸς
777 1432 1087 1487 κακοῖσιν
1114 1414 1279 1487 ἄλλο
1307 1415 1477 1488 τοῦτ’
1512 1413 1599 1487 ἂν
1627 1410 1715 1507 ἦν
1743 1418 1975 1506 κακόν,

441 1521 691 1610 δόμους
720 1528 1076 1589 καλεῖσθαι
1103 1518 1264 1601 τοὺς
1290 1519 1495 1609 έμούς
1522 1524 1945 1604 κακοξένους.

438 1620 641 1705 αὐτὸς
668 1619 732 1691 δ’
766 1618 1046 1711 ἀρίστου
1082 1628 1284 1692 τοῦδε
1310 1620 1620 1711 τυγχάνω
1649 1625 1867 1709 ξένου,

437 1722 599 1795 ὅταν
628 1721 765 1795 ποτ’
780 1721 1072 1812 ’Ἄργους
1101 1730 1338 1805 διψίαν
1367 1732 1549 1795 ἔλθω
1578 1725 1819 1813 χθόνα.
2122 1742 2227 1794 560

435 1835 574 1908 πῶς
602 1816 728 1896 οὖν
759 1832 1081 1912 ἔκρυπτες
1107 1824 1228 1895 τὸν
1263 1827 1565 1914 παρόντα
1593 1833 1903 1913 δαίμονα,

440 1936 648 2018 φίλου
677 1927 999 2015 μολόντος
1029 1923 1311 2015 ἀνδρός,
1343 1925 1433 2008 ῶς
1462 1924 1663 2009 αὐτὸς
1691 1929 1941 2015 λέγεις;

439 2029 567 2101 οὐκ
595 2027 681 2099 ἄν
710 2025 847 2099 ποτ’
889 2026 1224 2118 ἠθέλησεν
1254 2037 1591 2100 εἰσελθεῖν
1617 2029 1887 2118 δόμους,

443 2140 507 2203 εί
529 2139 666 2202 τῶν
695 2135 876 2220 ἐμῶν
900 2160 964 2203 τι
993 2131 1317 2221 πημάτων
1351 2129 1693 2222 έγνῶρισε.

439 2238 553 2306 καὶ
581 2241 672 2328 τῷ
701 2236 824 2323 μὲν
853 2233 1033 2322 οἶμαι
1063 2240 1248 2324 δρῶν
1282 2231 1430 2306 τάδ’
1464 2231 1548 2304 οὐ
1578 2251 1860 2326 φρονεῖν
1887 2241 2090 2322 δοκῶ,
2122 2252 2225 2306 565

437 2334 593 2408 οὐδ’
626 2340 875 2406 αἰνέσει
904 2360 1018 2426 με·
1045 2335 1220 2426 τάμὰ
1247 2334 1316 2408 δ’
1350 2334 1475 2408 οὐκ
1503 2342 1847 2409 ἐπίσταται

440 2437 713 2529 μέλαθρ’
748 2436 1058 2510 ἀπωθεῖν
1085 2437 1239 2509 οὐδ’
1276 2437 1613 2527 ἀτιμάζειν
1639 2443 1891 2523 ξένους.

435 2533 491 2611 οἶ
558 2541 950 2625 πολύξεινος
1015 2545 1129 2610 καὶ
1195 2540 1556 2629 ἐλεύθερος
1621 2539 1869 2629 ἀνδρὸς
1926 2537 2038 2610 ἀεί
2083 2543 2221 2610 ποτ’

1123 2641 1326 2730 οἶκος,
1977 2664 2117 2732 στρ.

437 2749 516 2818 σέ
538 2773 640 2815 τοι
667 2748 782 2815 καὶ
808 2742 844 2816 ὁ
873 2745 1140 2826 Πύθιος
1169 2741 1461 2835 εὐλύρας
1480 2740 1824 2814 ’.Απόλλων
2122 2759 2224 2815 570

435 2845 677 2937 ἠξίωσε
703 2854 945 2936 ναίειν,

440 2958 596 3020 ἔτλα
624 2950 702 3020 δὲ
727 2966 904 3020 σοῖσι
930 2951 1312 3038 μηλονόμας

435 3056 512 3122 ἐν
540 3051 768 3139 δόμοις
793 3054 1135 3140 γενέσθαι,

439 3160 724 3241 δοχμιᾶν
753 3152 868 3222 διὰ
893 3153 1188 3223 κλιτύων
2123 3168 2226 3222 575

438 3255 813 3345 βοσκήμασι
843 3269 1020 3325 σοῖσι
1043 3263 1340 3344 συρίζων

440 3365 792 3445 ποιμνίτας
819 3353 1205 3446 ὑμεναίους.

904 3474 1648 3533 568—577==578-58⁷
