2492 3900
383 143 463 209 12
1149 143 1586 201 ΑΛΚΗΣΤΙΣ

618 311 762 383 ὥστ’
799 318 871 382 ἐν
900 328 1206 382 κακοῖσιν
1238 310 1541 399 εὐμενεῖς
1570 309 1997 397 παρεστάναι.

616 414 702 484 σύ
739 413 801 482 δ’
844 415 905 483 εἴ
932 413 1212 494 παλαιὸς
1252 413 1604 493 δεσπόταις
1633 416 1811 499 ἐμοῖς
1841 417 2054 498 φίλος.

395 525 659 586 ΗΜΙΧ.
696 516 774 586 ἰώ
813 522 986 612 ζεῦ,
1023 523 1122 596 τίς
1159 512 1244 583 ἂν
1281 519 1421 593 πῶς
1459 512 1661 601 πόρος
1697 518 1792 602 πᾷ
2166 532 2311 596 στρ.

615 614 860 703 γένοιτ’
901 614 988 684 ἂν
1021 616 1224 702 τύχας
1262 612 1305 681 ἃ
1343 613 1660 703 πάρεστιν
1693 612 2089 700 τυράννοις;

393 728 657 792 ΗΜΙΧ.
690 724 897 801 ἒξεισί
919 746 1051 801 τις;
1086 714 1130 805 ἦ
1158 722 1333 807 τέμω
1372 725 1583 807 τρίχα,
2310 738 2418 790 215

621 824 734 890 καὶ
770 824 1023 909 μέλανα
1051 820 1339 909 στολμὸν
1369 823 1642 889 πέπλων

623 920 1147 1011 ἆμφιβαλωμεθ’
1182 921 1350 1010 ἤδη;

391 1034 657 1096 ΗΜΙΧ.
692 1032 862 1112 δῆλα
891 1028 1046 1112 μέν,
1079 1031 1290 1112 φίλοι,
1325 1023 1496 1112 δῆλά
1525 1021 1616 1110 γ’,
1648 1021 1786 1093 ἀλλ’
1822 1020 1996 1111 ὅμως

623 1138 885 1196 θεοῖσιν
916 1124 1344 1214 εὐχώμεσθα·
1377 1132 1563 1195 θεῶν
1591 1125 1718 1215 γὰρ
1753 1125 2038 1214 δύναμις
2066 1135 2381 1214 μεγίστη.

391 1244 533 1305 ΧΟ.
628 1225 801 1315 ὦναξ
838 1233 1080 1322 Παιάν,
2309 1246 2425 1299 220

625 1332 850 1418 ἔξευρε
877 1329 1181 1418 μηχανήν
1213 1327 1332 1399 τιν’
1360 1327 1658 1422 Ἀδμήτῳ
1687 1336 1934 1415 κακῶν,

625 1430 852 1518 πόριζε
888 1430 972 1518 δὴ
1003 1432 1257 1519 πόριζε·
1290 1434 1402 1500 καὶ
1432 1432 1640 1519 πάρος
1668 1430 1796 1520 γὰρ

624 1528 814 1600 τοῦδ’
852 1535 1168 1621 ἐφεῦρες,
1199 1535 1313 1601 καὶ
1339 1540 1471 1603 νῦν
1623 1621 1627 1625 .

625 1630 939 1721 λυτήριος
969 1639 1041 1704 ἐκ
1069 1633 1375 1704 θανάτου
1406 1642 1630 1721 γενοῦ,

624 1734 868 1819 φόνιον
897 1734 959 1804 δ’
997 1731 1663 1806 ἄπόπαυσον”.4ιδαν.
2310 1756 2425 1807 225

396 1843 659 1905 HMIX.
692 1852 911 1907 παπαῖ
951 1840 1121 1925 φεῦ,
1162 1839 1242 1908 ἰώ
1283 1856 1412 1908 παῖ’
1447 1841 1779 1928 Φέρητος,
2110 1918 2127 1934 Ο
2159 1836 2304 1908 ἇντ.

623 1953 872 2020 παπαῖ,
909 1934 999 2008 οἷ’
1040 1943 1324 2024 ἔπραξας
1361 1937 1690 2025 δάμαρτος
1728 1947 2095 2026 στερηθείς.

397 2047 659 2109 ΗΜΙΧ.
691 2031 788 2127 ἆρ’
823 2037 970 2122 ἄξια
1000 2043 1111 2108 καὶ
1140 2045 1404 2127 σφαγάς
1430 2037 1609 2127 τάδε,

624 2144 736 2209 καὶ
766 2143 971 2210 πλέον
997 2137 1040 2228 ἦ
1069 2142 1289 2233 βρόχῳ
1320 2144 1523 2230 δέρην

622 2239 920 2333 οὐρανίῳ
949 2243 1303 2327 πελάσσαι;
2308 2265 2427 2319 230

395 2350 662 2413 ΗΜΙΧ.
694 2341 817 2413 τᾶν
844 2343 971 2434 γὰρ
1003 2342 1084 2413 οὐ
1117 2353 1326 2433 φίλαν
1355 2342 1524 2414 ἀλλὰ
1554 2343 1879 2433 φιλτάταν

627 2461 917 2533 γυναῖκα
942 2455 1422 2516 κατθανοῦσαν
1454 2452 1553 2516 εἰν
1579 2442 1779 2536 ἄματι
1809 2444 1968 2541 τῷδ’
2004 2443 2267 2531 ἕπόψει.

393 2553 533 2614 ΧΟ.
619 2547 768 2616 ἰδού
811 2550 996 2635 ἰδού,
1384 2630 1399 2638 „

627 2645 739 2736 ἥδ’
774 2653 847 2719 ἐκ
876 2651 1104 2738 δόμων
1133 2649 1217 2737 δὴ
1249 2653 1361 2719 καὶ
1394 2650 1585 2730 πόσις
1614 2651 1989 2740 πορεύεται.

622 2749 872 2837 βόασον
903 2743 990 2838 τό,
1022 2755 1370 2838 στέναξον,
1407 2743 1461 2821 ὦ
1488 2761 1744 2842 Φεραία

620 2851 844 2939 χθών,
876 2850 997 2921 τὰν
1025 2850 1305 2941 ἀρίστοιν
1540 2901 1546 2907 -
2309 2874 2420 2926 235

625 2968 912 3041 γυναῖκα
938 2958 1438 3043 μαραινομέναν
1464 2956 1643 3046 νόσῳ

621 3052 788 3124 κατὰ
841 3063 961 3142 γᾶς
1002 3056 1292 3143 χθόνιού
1315 3055 1461 3143 παρ’
1479 3054 1737 3127 Ἅιδαν.

620 3154 864 3227 οὔποτε
893 3157 1085 3247 φήσω
1113 3159 1329 3247 γάμον
1364 3157 1763 3247 εὐφραίνειν

616 3262 818 3329 πλέον
845 3255 889 3349 ἢ
917 3269 1178 3349 λυπεῖν,
1209 3276 1347 3341 τοῖς
1376 3289 1445 3330 τε
1475 3260 1807 3349 πάροιθεν

617 3363 1137 3451 τεκμαιρόμενος
1163 3365 1278 3431 καὶ
1305 3363 1505 3433 τάσδε
1542 3363 1741 3450 τύχας
2307 3382 2421 3439 240

1025 3479 1757 3536 213—225=226—237
2491 3458 2492 3465 '
