2492 3900
203 798 348 859 XO.

201 1004 354 1062 AA.

207 1817 350 1878 XO.

207 2024 357 2084 AA.

215 2533 352 2594 Xo.

989 110 1438 171 ΑΛΚΗΣΤΙΣ
2145 110 2227 173 23

442 276 618 367 ἡγοῦ
664 280 750 345 σύ
784 282 952 369 τῷδε
1006 276 1338 365 δωμάτων
1364 280 1687 360 ἐξωπίους

441 386 736 465 ξενῶνας
766 381 979 465 οῖξας,
1011 393 1149 459 τοῖς
1170 375 1220 448 τ’
1254 382 1628 467 ἐφεστῶσιν
1654 379 1919 470 φράσον

441 490 652 552 σίτων
677 495 991 569 παρεῖναι
1018 486 1281 569 πλῆθος
1298 502 1313 518 ·
1350 484 1425 551 ἐν
1459 481 1535 551 δὲ
1564 482 1848 571 κλῄσατε

440 584 668 672 θύρας
689 582 1094 670 μεσαύλους·
1128 579 1212 651 οὐ
1242 585 1483 672 πρέπει
1512 585 1976 672 θοινωμένους

439 684 677 755 κλύειν
703 690 1100 773 στεναγμῶν
1124 680 1288 755 οὐδὲ
1320 693 1685 756 λυπεῖσθαι
1716 687 1967 769 ξένους.
2125 707 2229 759 550

437 796 508 858 τί
529 794 730 880 δρᾷς;
764 786 1078 875 τοιαύτης
1105 794 1464 875 συμφορᾶς
1492 792 1972 879 προσκειμένης
1990 844 2008 879 ,

419 887 745 978 Ἀδμητε,
777 895 1022 979 τολμᾷς
1051 891 1467 971 ξενοδοκεῖνς
1497 896 1567 958 τί
1589 898 1813 979 μῶρος
1842 891 1935 974 εἷς

442 988 580 1061 ἀλλ’
613 998 678 1061 εἰ
701 989 932 1077 δόμων
959 1010 1091 1078 σφε
1121 992 1235 1059 καὶ
1262 990 1519 1071 πόλεως
1546 987 1857 1079 ἀπήλασα

441 1097 634 1177 ξένον
666 1091 993 1181 μολόντα,
1021 1099 1281 1180 μᾶλλον
1313 1090 1400 1160 ἄν
1425 1088 1485 1180 μ’
1522 1093 1880 1183 ἐπῄνεσας;

439 1193 524 1265 οὐ
552 1192 712 1284 δῆτ’,
745 1198 897 1265 ἐπεί
917 1221 1030 1281 μοι
1059 1191 1378 1284 συμφορὰ
1406 1194 1530 1282 μὲν
1558 1192 1765 1265 οὐδὲν
1799 1191 1886 1265 σ’ὶν
2127 1216 2229 1267 555

439 1305 650 1385 μείων
679 1294 991 1385 ἐγίγνετ’,
1022 1292 1429 1385 άξενῶτερος
1458 1294 1524 1366 δ’
1558 1298 1709 1385 ἐγώ.

442 1402 556 1468 καὶ
584 1397 750 1487 πρὸς
777 1412 1088 1468 κακοῖσιν
1117 1395 1281 1468 ἄλλο
1308 1396 1479 1468 τοῦτ’
1513 1394 1599 1468 ἄν
1628 1390 1717 1488 ἦν
1744 1401 1975 1489 κακόν,

441 1502 693 1589 δόμους
721 1508 1077 1570 καλεῖσθαι
1104 1498 1265 1581 τοὺς
1292 1500 1497 1589 ἐμοὺς
1522 1506 1947 1586 κακοξένους.

438 1602 642 1685 αὐτὸς
669 1600 733 1673 δ’
767 1599 1048 1691 ἀρίστου
1083 1609 1286 1672 τοῦδε
1312 1601 1621 1691 τυγχάνω
1650 1608 1869 1691 ξένου,

437 1703 600 1775 ὅταν
629 1701 766 1775 ποτ’
779 1702 1073 1794 ’Ἀργους
1101 1710 1339 1786 διψίαν
1368 1712 1550 1775 ἔλθω
1579 1706 1819 1793 χθόνα.
2122 1724 2227 1776 560

434 1816 575 1889 πῶς
603 1797 728 1877 οὖν
758 1814 1082 1896 ἔκρυπτες
1107 1805 1228 1877 τὸν
1263 1808 1564 1895 παρόντα
1592 1814 1903 1896 δαίμονα,

441 1919 647 2000 φίλου
675 1908 997 1999 μολόντος
1028 1906 1310 1998 ἀνδρός,
1342 1906 1431 1990 ὥς
1460 1906 1663 1991 αὐτὸς
1690 1912 1941 1997 λέγεις;

441 2013 566 2084 οὐκ
595 2010 680 2082 α”ν
707 2008 847 2082 ποτ’
885 2009 1224 2101 ἠθέλησεν
1254 2019 1591 2082 εἰσελθεῖν
1616 2011 1887 2101 δόμους,

444 2122 508 2185 εί
530 2123 665 2185 τῶν
694 2118 874 2203 ἐμῶν
899 2143 964 2186 τι
993 2114 1316 2203 πημάτων
1350 2112 1692 2204 ἐγνώρισε.

442 2220 554 2287 καὶ
581 2223 674 2311 τῷ
700 2219 824 2306 μὲν
853 2216 1034 2306 οἶμαι
1063 2223 1251 2306 δρῶν
1283 2214 1431 2287 τάδ’
1464 2214 1550 2287 οὐ
1577 2233 1861 2308 φρονεῖν
1888 2223 2091 2306 δοκῶ,
2122 2235 2225 2289 565

439 2316 594 2389 οὐδ’
626 2322 876 2390 αἰνέσει
906 2341 1019 2407 με·
1047 2317 1220 2408 τάμὰ
1249 2317 1317 2389 δ’
1350 2317 1477 2389 οὐκ
1504 2323 1847 2391 ἐπίσταται

439 2419 713 2511 μέλαθρ’
749 2418 1060 2492 ἀπωθεῖν
1087 2419 1240 2491 οὐδ’
1276 2419 1613 2510 ἀτιμάζειν
1640 2426 1892 2506 ξένους.

437 2515 492 2592 τό
560 2523 950 2607 πολύξεινος
1015 2528 1130 2594 καὶ
1197 2523 1557 2611 ἐλεύθερος
1621 2521 1869 2611 ἀνδρὸς
1926 2521 2038 2594 άεί
2083 2527 2221 2594 ποτ’

1123 2624 1326 2713 οἶκος,
1977 2647 2117 2714 στρ.

438 2731 518 2798 σέ
539 2754 640 2797 τοι
669 2730 782 2797 καὶ
808 2724 845 2798 ὁ
873 2727 1142 2810 Πύθιος
1170 2723 1461 2817 εὐλύρας
1481 2723 1825 2797 Ἀπόλλων
2122 2743 2224 2799 570

436 2828 677 2918 ἠξίωσε
703 2838 946 2918 ναίειν,

441 2939 595 3001 ἔτλα
624 2933 702 3002 δὲ
728 2948 904 3003 σοῖσι
933 2933 1314 3022 μηλονόμας

439 3038 512 3105 ἐν
539 3034 768 3122 δόμοις
794 3037 1138 3122 γενέσθαι,

441 3141 724 3224 δοχμιᾶν
753 3136 867 3206 διὰ
893 3136 1188 3206 κλιτύων
2124 3151 2227 3205 575

438 3237 813 3327 βοσκήμασι
843 3253 1020 3309 σοῖσι
1045 3246 1341 3328 συρίζων

441 3348 792 3428 ποιμνίτας
819 3339 1205 3430 ὑμεναίους.

904 3459 1010 3515 568
1025 3483 1102 3494 -··
1121 3457 1224 3515 577
1235 3473 1321 3500 =
1334 3459 1437 3515 5⁷8
1454 3485 1529 3496 -
1546 3458 1649 3515 58⁷
