<?xml version="1.0" encoding="UTF-8"?>
<!DOCTYPE html PUBLIC "-//W3C//DTD XHTML 1.0 Transitional//EN"
    "http://www.w3.org/TR/xhtml1/DTD/xhtml1-transitional.dtd">
<html xmlns="http://www.w3.org/1999/xhtml" xml:lang="en" lang="en">
 <head>
  <title>
</title>
<meta http-equiv="Content-Type" content="text/html;charset=utf-8" />
  <meta name='ocr-system' content='tesseract 3.04.00' />
  <meta name='ocr-capabilities' content='ocr_page ocr_carea ocr_par ocr_line ocrx_word'/>
</head>
<body>
  <div class='ocr_page' id='page_1' title='image "./evripidistragoe03eurigoog/evripidistragoe03eurigoog_0485.png"; bbox 0 0 2492 3900; ppageno 0'>
   <div class='ocr_carea' id='block_1_1' title="bbox 691 733 1696 1023">
    <p class='ocr_par' dir='ltr' id='par_1_1' title="bbox 691 733 1696 1023">
     <span class='ocr_line' id='line_1_1' title="bbox 859 733 1491 803; baseline -0.003 0"><span class='ocrx_word' id='word_1_1' title='bbox 859 733 1491 803; x_wconf 74' lang='lat' dir='ltr'><em>EYPIHIAOT</em></span> 
     </span>
     <span class='ocr_line' id='line_1_2' title="bbox 691 932 1696 1023; baseline 0.002 -4"><span class='ocrx_word' id='word_1_2' title='bbox 691 937 750 1019; x_wconf 90' lang='grc' dir='ltr'><strong><em>Ι</em></strong></span> <span class='ocrx_word' id='word_1_3' title='bbox 799 938 895 1018; x_wconf 85' lang='grc' dir='ltr'><em>Κ</em></span> <span class='ocrx_word' id='word_1_4' title='bbox 945 936 1028 1017; x_wconf 88' lang='grc' dir='ltr'><em>Ε</em></span> <span class='ocrx_word' id='word_1_5' title='bbox 1089 934 1180 1016; x_wconf 88' lang='grc' dir='ltr'><em>Τ</em></span> <span class='ocrx_word' id='word_1_6' title='bbox 1227 936 1287 1015; x_wconf 91' lang='grc' dir='ltr'><em>Ι</em></span> <span class='ocrx_word' id='word_1_7' title='bbox 1332 932 1409 1016; x_wconf 91' lang='grc' dir='ltr'><em>Δ</em></span> <span class='ocrx_word' id='word_1_8' title='bbox 1466 935 1552 1017; x_wconf 92' lang='grc' dir='ltr'><strong><em>Ε</em></strong></span> <span class='ocrx_word' id='word_1_9' title='bbox 1600 932 1696 1023; x_wconf 78' lang='grc' dir='ltr'><strong><em>Σ.</em></strong></span> 
     </span>
    </p>
   </div>
   <div class='ocr_carea' id='block_1_2' title="bbox 972 1172 1372 1183">
    <p class='ocr_par' dir='ltr' id='par_1_2' title="bbox 972 1172 1372 1183">
     <span class='ocr_line' id='line_1_3' title="bbox 972 1172 1372 1183; baseline 0 0"><span class='ocrx_word' id='word_1_10' title='bbox 972 1172 1372 1183; x_wconf 95' lang='lat' dir='ltr'><strong><em> </em></strong></span> 
     </span>
    </p>
   </div>
   <div class='ocr_carea' id='block_1_3' title="bbox 161 1362 2191 3598">
    <p class='ocr_par' dir='ltr' id='par_1_3' title="bbox 161 1362 2191 3598">
     <span class='ocr_line' id='line_1_4' title="bbox 161 1362 1703 1456; baseline -0.005 -16"><span class='ocrx_word' id='word_1_11' title='bbox 161 1376 291 1441; x_wconf 85' lang='grc' dir='ltr'><strong><em>ΑΙ.</em></strong></span> <span class='ocrx_word' id='word_1_12' title='bbox 397 1366 713 1456; x_wconf 78' lang='grc' dir='ltr'><em>Δήμητερ</em></span> <span class='ocrx_word' id='word_1_13' title='bbox 743 1363 1030 1453; x_wconf 77' lang='grc' dir='ltr'><strong><em>ἑστιοῦχ’</em></strong></span> <span class='ocrx_word' id='word_1_14' title='bbox 1057 1363 1430 1447; x_wconf 76' lang='grc' dir='ltr'><strong><em>Ἐλευσῖνος</em></strong></span> <span class='ocrx_word' id='word_1_15' title='bbox 1455 1362 1703 1452; x_wconf 84' lang='grc' dir='ltr'><strong><em>χθονὸς</em></strong></span> 
     </span>
     <span class='ocr_line' id='line_1_5' title="bbox 398 1463 1837 1558; baseline -0.001 -21"><span class='ocrx_word' id='word_1_16' title='bbox 398 1466 588 1557; x_wconf 83' lang='grc' dir='ltr'><strong><em>τῆσδ’</em></strong></span> <span class='ocrx_word' id='word_1_17' title='bbox 621 1474 694 1538; x_wconf 82' lang='grc' dir='ltr'><strong><em>οἴ</em></strong></span> <span class='ocrx_word' id='word_1_18' title='bbox 712 1495 784 1538; x_wconf 88' lang='grc' dir='ltr'><strong><em>τε</em></strong></span> <span class='ocrx_word' id='word_1_19' title='bbox 809 1463 1016 1548; x_wconf 80' lang='grc' dir='ltr'><strong><em>ναοῦς</em></strong></span> <span class='ocrx_word' id='word_1_20' title='bbox 1045 1474 1223 1555; x_wconf 81' lang='grc' dir='ltr'><strong><em>ἔχετε</em></strong></span> <span class='ocrx_word' id='word_1_21' title='bbox 1252 1466 1620 1558; x_wconf 80' lang='grc' dir='ltr'><strong><em>πρόσπολοι</em></strong></span> <span class='ocrx_word' id='word_1_22' title='bbox 1649 1472 1837 1555; x_wconf 82' lang='grc' dir='ltr'><strong><em>θεᾶς,</em></strong></span> 
     </span>
     <span class='ocr_line' id='line_1_6' title="bbox 405 1566 1714 1659; baseline -0.001 -20"><span class='ocrx_word' id='word_1_23' title='bbox 405 1567 833 1658; x_wconf 78' lang='grc' dir='ltr'><em>εὐδαιμονεῖν</em></span> <span class='ocrx_word' id='word_1_24' title='bbox 860 1598 942 1658; x_wconf 87' lang='grc' dir='ltr'><strong><em>με</em></strong></span> <span class='ocrx_word' id='word_1_25' title='bbox 973 1573 1194 1659; x_wconf 81' lang='grc' dir='ltr'><em>Θησέα</em></span> <span class='ocrx_word' id='word_1_26' title='bbox 1223 1597 1295 1641; x_wconf 88' lang='grc' dir='ltr'><strong><em>τε</em></strong></span> <span class='ocrx_word' id='word_1_27' title='bbox 1323 1566 1507 1638; x_wconf 81' lang='grc' dir='ltr'><strong><em>παῖδ’</em></strong></span> <span class='ocrx_word' id='word_1_28' title='bbox 1548 1567 1714 1657; x_wconf 79' lang='grc' dir='ltr'><strong><em>ἐμὸν</em></strong></span> 
     </span>
     <span class='ocr_line' id='line_1_7' title="bbox 403 1670 1881 1761; baseline -0.001 -20"><span class='ocrx_word' id='word_1_29' title='bbox 403 1672 602 1741; x_wconf 86' lang='grc' dir='ltr'><strong><em>πόλιν</em></strong></span> <span class='ocrx_word' id='word_1_30' title='bbox 628 1670 686 1741; x_wconf 87' lang='grc' dir='ltr'><strong><em>τ’</em></strong></span> <span class='ocrx_word' id='word_1_31' title='bbox 714 1670 1024 1761; x_wconf 77' lang='grc' dir='ltr'><strong><em>’Λθηνῶν</em></strong></span> <span class='ocrx_word' id='word_1_32' title='bbox 1056 1670 1180 1761; x_wconf 84' lang='grc' dir='ltr'><strong><em>τήν</em></strong></span> <span class='ocrx_word' id='word_1_33' title='bbox 1205 1701 1278 1743; x_wconf 90' lang='grc' dir='ltr'><strong><em>τε</em></strong></span> <span class='ocrx_word' id='word_1_34' title='bbox 1304 1674 1614 1752; x_wconf 80' lang='grc' dir='ltr'><strong><em>Πιτθέως</em></strong></span> <span class='ocrx_word' id='word_1_35' title='bbox 1642 1670 1881 1759; x_wconf 86' lang='grc' dir='ltr'><strong><em>χθόνα,</em></strong></span> 
     </span>
     <span class='ocr_line' id='line_1_8' title="bbox 404 1764 2189 1864; baseline 0.001 -22"><span class='ocrx_word' id='word_1_36' title='bbox 404 1777 478 1843; x_wconf 84' lang='grc' dir='ltr'><strong><em>ἐν</em></strong></span> <span class='ocrx_word' id='word_1_37' title='bbox 504 1764 548 1863; x_wconf 77' lang='grc' dir='ltr'><em>ᾗ</em></span> <span class='ocrx_word' id='word_1_38' title='bbox 574 1801 656 1862; x_wconf 87' lang='grc' dir='ltr'><strong><em>με</em></strong></span> <span class='ocrx_word' id='word_1_39' title='bbox 683 1777 944 1864; x_wconf 79' lang='grc' dir='ltr'><strong><em>θρέψας</em></strong></span> <span class='ocrx_word' id='word_1_40' title='bbox 971 1772 1225 1862; x_wconf 84' lang='grc' dir='ltr'><strong><em>ὀλβίοις</em></strong></span> <span class='ocrx_word' id='word_1_41' title='bbox 1254 1778 1328 1845; x_wconf 81' lang='grc' dir='ltr'><strong><em>ἐν</em></strong></span> <span class='ocrx_word' id='word_1_42' title='bbox 1356 1772 1659 1861; x_wconf 68' lang='grc' dir='ltr'><strong><em>δώμασιν</em></strong></span> <span class='ocrx_word' id='word_1_43' title='bbox 2154 1794 2189 1844; x_wconf 78' lang='lat'><strong>5</strong></span> 
     </span>
     <span class='ocr_line' id='line_1_9' title="bbox 400 1874 1713 1970; baseline -0.001 -26"><span class='ocrx_word' id='word_1_44' title='bbox 400 1885 676 1966; x_wconf 79' lang='grc' dir='ltr'><strong><em>Αἴθραν</em></strong></span> <span class='ocrx_word' id='word_1_45' title='bbox 703 1874 918 1965; x_wconf 82' lang='grc' dir='ltr'><strong><em>πατὴρ</em></strong></span> <span class='ocrx_word' id='word_1_46' title='bbox 948 1879 1185 1946; x_wconf 89' lang='grc' dir='ltr'><strong><em>δίδωσι</em></strong></span> <span class='ocrx_word' id='word_1_47' title='bbox 1213 1882 1306 1970; x_wconf 77' lang='grc' dir='ltr'><strong><em>τῷ</em></strong></span> <span class='ocrx_word' id='word_1_48' title='bbox 1332 1880 1713 1956; x_wconf 85' lang='grc' dir='ltr'><strong><em>Πανδίονος</em></strong></span> 
     </span>
     <span class='ocr_line' id='line_1_10' title="bbox 403 1977 1712 2067; baseline -0.001 -20"><span class='ocrx_word' id='word_1_49' title='bbox 403 1985 606 2066; x_wconf 80' lang='grc' dir='ltr'><em>Αἰγεῖ</em></span> <span class='ocrx_word' id='word_1_50' title='bbox 629 1977 930 2067; x_wconf 88' lang='grc' dir='ltr'><strong><em>δάμαρτα</em></strong></span> <span class='ocrx_word' id='word_1_51' title='bbox 957 1982 1207 2060; x_wconf 81' lang='grc' dir='ltr'><strong><em>Λοξίου</em></strong></span> <span class='ocrx_word' id='word_1_52' title='bbox 1232 1977 1712 2066; x_wconf 81' lang='grc' dir='ltr'><strong><em>μαντεύμασιν.</em></strong></span> 
     </span>
     <span class='ocr_line' id='line_1_11' title="bbox 406 2077 1789 2168; baseline 0.001 -19"><span class='ocrx_word' id='word_1_53' title='bbox 406 2087 501 2161; x_wconf 82' lang='grc' dir='ltr'><strong><em>εἰς</em></strong></span> <span class='ocrx_word' id='word_1_54' title='bbox 526 2080 727 2149; x_wconf 86' lang='grc' dir='ltr'><strong><em>τάσδε</em></strong></span> <span class='ocrx_word' id='word_1_55' title='bbox 755 2082 884 2168; x_wconf 79' lang='grc' dir='ltr'><strong><em>γὰρ</em></strong></span> <span class='ocrx_word' id='word_1_56' title='bbox 913 2077 1192 2167; x_wconf 83' lang='grc' dir='ltr'><strong><em>βλέψασ’</em></strong></span> <span class='ocrx_word' id='word_1_57' title='bbox 1218 2079 1601 2167; x_wconf 74' lang='grc' dir='ltr'><strong><em>ἐπηυξάμην</em></strong></span> <span class='ocrx_word' id='word_1_58' title='bbox 1628 2079 1789 2150; x_wconf 89' lang='grc' dir='ltr'><strong><em>τάδε</em></strong></span> 
     </span>
     <span class='ocr_line' id='line_1_12' title="bbox 403 2178 1984 2272; baseline 0.002 -21"><span class='ocrx_word' id='word_1_59' title='bbox 403 2188 648 2272; x_wconf 84' lang='grc' dir='ltr'><strong><em>γραῦς,</em></strong></span> <span class='ocrx_word' id='word_1_60' title='bbox 684 2189 761 2252; x_wconf 80' lang='grc' dir='ltr'><strong><em>αἳ</em></strong></span> <span class='ocrx_word' id='word_1_61' title='bbox 781 2188 1094 2252; x_wconf 81' lang='grc' dir='ltr'><strong><em>λιποῦσαι</em></strong></span> <span class='ocrx_word' id='word_1_62' title='bbox 1124 2178 1379 2270; x_wconf 74' lang='grc' dir='ltr'><strong><em>δώματ’</em></strong></span> <span class='ocrx_word' id='word_1_63' title='bbox 1405 2179 1706 2271; x_wconf 77' lang='grc' dir='ltr'><strong><em>Ἀργείας</em></strong></span> <span class='ocrx_word' id='word_1_64' title='bbox 1738 2182 1984 2270; x_wconf 86' lang='grc' dir='ltr'><strong><em>χθονὸς</em></strong></span> 
     </span>
     <span class='ocr_line' id='line_1_13' title="bbox 411 2281 2191 2378; baseline 0.002 -26"><span class='ocrx_word' id='word_1_65' title='bbox 411 2289 629 2372; x_wconf 65' lang='grc' dir='ltr'><strong><em>ἱκτῆρι</em></strong></span> <span class='ocrx_word' id='word_1_66' title='bbox 659 2290 890 2378; x_wconf 74' lang='grc' dir='ltr'><strong><em>θαλλῷ</em></strong></span> <span class='ocrx_word' id='word_1_67' title='bbox 918 2281 1400 2375; x_wconf 88' lang='grc' dir='ltr'><strong><em>προσπίτνουσ’</em></strong></span> <span class='ocrx_word' id='word_1_68' title='bbox 1435 2282 1597 2371; x_wconf 76' lang='grc' dir='ltr'><strong><em>ἐμὸν</em></strong></span> <span class='ocrx_word' id='word_1_69' title='bbox 1630 2284 1801 2372; x_wconf 91' lang='grc' dir='ltr'><strong><em>γόνυ</em></strong></span> <span class='ocrx_word' id='word_1_70' title='bbox 2122 2303 2191 2356; x_wconf 85' lang='lat'><strong><em>10</em></strong></span> 
     </span>
     <span class='ocr_line' id='line_1_14' title="bbox 407 2383 1895 2476; baseline 0.002 -22"><span class='ocrx_word' id='word_1_71' title='bbox 407 2386 624 2467; x_wconf 83' lang='grc' dir='ltr'><strong><em>πάθος</em></strong></span> <span class='ocrx_word' id='word_1_72' title='bbox 652 2393 996 2456; x_wconf 85' lang='grc' dir='ltr'><strong><em>παθοῦσαι</em></strong></span> <span class='ocrx_word' id='word_1_73' title='bbox 1027 2387 1290 2456; x_wconf 84' lang='grc' dir='ltr'><strong><em>δεινόν·</em></strong></span> <span class='ocrx_word' id='word_1_74' title='bbox 1320 2384 1494 2476; x_wconf 78' lang='grc' dir='ltr'><strong><em>ἀμφὶ</em></strong></span> <span class='ocrx_word' id='word_1_75' title='bbox 1521 2383 1651 2476; x_wconf 78' lang='grc' dir='ltr'><strong><em>γὰρ</em></strong></span> <span class='ocrx_word' id='word_1_76' title='bbox 1680 2386 1895 2467; x_wconf 84' lang='grc' dir='ltr'><strong><em>πύλας</em></strong></span> 
     </span>
     <span class='ocr_line' id='line_1_15' title="bbox 404 2486 1909 2576; baseline -0.001 -17"><span class='ocrx_word' id='word_1_77' title='bbox 404 2486 685 2576; x_wconf 86' lang='grc' dir='ltr'><strong><em>Κάδμου</em></strong></span> <span class='ocrx_word' id='word_1_78' title='bbox 713 2489 1070 2559; x_wconf 85' lang='grc' dir='ltr'><strong><em>θανόντων</em></strong></span> <span class='ocrx_word' id='word_1_79' title='bbox 1098 2487 1262 2559; x_wconf 79' lang='grc' dir='ltr'><strong><em>ἑπτὰ</em></strong></span> <span class='ocrx_word' id='word_1_80' title='bbox 1290 2495 1625 2575; x_wconf 87' lang='grc' dir='ltr'><strong><em>γενναίων</em></strong></span> <span class='ocrx_word' id='word_1_81' title='bbox 1651 2489 1909 2558; x_wconf 89' lang='grc' dir='ltr'><strong><em>τέκνων</em></strong></span> 
     </span>
     <span class='ocr_line' id='line_1_16' title="bbox 405 2585 1786 2678; baseline 0 -20"><span class='ocrx_word' id='word_1_82' title='bbox 405 2586 680 2671; x_wconf 73' lang='grc' dir='ltr'><strong><em>ἄπαιδές</em></strong></span> <span class='ocrx_word' id='word_1_83' title='bbox 716 2597 917 2677; x_wconf 79' lang='grc' dir='ltr'><strong><em>εἰσιν,</em></strong></span> <span class='ocrx_word' id='word_1_84' title='bbox 949 2587 1068 2670; x_wconf 86' lang='grc' dir='ltr'><strong><em>οῦς</em></strong></span> <span class='ocrx_word' id='word_1_85' title='bbox 1095 2586 1242 2658; x_wconf 92' lang='grc' dir='ltr'><strong><em>ποτ’</em></strong></span> <span class='ocrx_word' id='word_1_86' title='bbox 1272 2585 1592 2678; x_wconf 79' lang='grc' dir='ltr'><strong><em>Ἀργείων</em></strong></span> <span class='ocrx_word' id='word_1_87' title='bbox 1622 2585 1786 2672; x_wconf 73' lang='grc' dir='ltr'><strong><em>ἅναξ,</em></strong></span> 
     </span>
     <span class='ocr_line' id='line_1_17' title="bbox 384 2687 1787 2781; baseline 0 -22"><span class='ocrx_word' id='word_1_88' title='bbox 384 2687 754 2781; x_wconf 73' lang='grc' dir='ltr'><strong><em>’Ἄδραστος</em></strong></span> <span class='ocrx_word' id='word_1_89' title='bbox 786 2688 1012 2780; x_wconf 80' lang='grc' dir='ltr'><strong><em>ἤγαγ’,</em></strong></span> <span class='ocrx_word' id='word_1_90' title='bbox 1047 2697 1339 2761; x_wconf 83' lang='grc' dir='ltr'><strong><em>Οἰδίπου</em></strong></span> <span class='ocrx_word' id='word_1_91' title='bbox 1371 2697 1787 2779; x_wconf 82' lang='grc' dir='ltr'><strong><em>παγκληρίας</em></strong></span> 
     </span>
     <span class='ocr_line' id='line_1_18' title="bbox 403 2793 2189 2883; baseline 0.002 -21"><span class='ocrx_word' id='word_1_92' title='bbox 403 2795 602 2882; x_wconf 81' lang='grc' dir='ltr'><strong><em>μέρος</em></strong></span> <span class='ocrx_word' id='word_1_93' title='bbox 628 2809 980 2881; x_wconf 84' lang='grc' dir='ltr'><strong><em>κατασχεῖν</em></strong></span> <span class='ocrx_word' id='word_1_94' title='bbox 1008 2793 1265 2883; x_wconf 77' lang='grc' dir='ltr'><strong><em>φυγάδι</em></strong></span> <span class='ocrx_word' id='word_1_95' title='bbox 1290 2799 1694 2863; x_wconf 83' lang='grc' dir='ltr'><strong><em>Πολυνείκει</em></strong></span> <span class='ocrx_word' id='word_1_96' title='bbox 1723 2795 1953 2864; x_wconf 83' lang='grc' dir='ltr'><strong><em>θέλων</em></strong></span> <span class='ocrx_word' id='word_1_97' title='bbox 2122 2814 2189 2865; x_wconf 79' lang='grc'><strong><em>15</em></strong></span> 
     </span>
     <span class='ocr_line' id='line_1_19' title="bbox 402 2892 1883 2988; baseline 0.003 -26"><span class='ocrx_word' id='word_1_98' title='bbox 402 2903 701 2988; x_wconf 79' lang='grc' dir='ltr'><strong><em>γαμβρῷ.</em></strong></span> <span class='ocrx_word' id='word_1_99' title='bbox 769 2895 1053 2986; x_wconf 81' lang='grc' dir='ltr'><strong><em>νεκροὺς</em></strong></span> <span class='ocrx_word' id='word_1_100' title='bbox 1081 2895 1155 2965; x_wconf 72' lang='grc' dir='ltr'><strong><em>δὲ</em></strong></span> <span class='ocrx_word' id='word_1_101' title='bbox 1182 2894 1341 2976; x_wconf 81' lang='grc' dir='ltr'><strong><em>τοὺς</em></strong></span> <span class='ocrx_word' id='word_1_102' title='bbox 1368 2892 1701 2978; x_wconf 87' lang='grc' dir='ltr'><strong><em>ὀλωλότας</em></strong></span> <span class='ocrx_word' id='word_1_103' title='bbox 1728 2898 1883 2984; x_wconf 90' lang='grc' dir='ltr'><strong><em>δορὶ</em></strong></span> 
     </span>
     <span class='ocr_line' id='line_1_20' title="bbox 401 2999 1739 3087; baseline 0 -21"><span class='ocrx_word' id='word_1_104' title='bbox 401 3001 621 3079; x_wconf 87' lang='grc' dir='ltr'><strong><em>θάψαι</em></strong></span> <span class='ocrx_word' id='word_1_105' title='bbox 651 2999 933 3068; x_wconf 79' lang='grc' dir='ltr'><strong><em>θέλουσι</em></strong></span> <span class='ocrx_word' id='word_1_106' title='bbox 961 3003 1176 3068; x_wconf 77' lang='grc' dir='ltr'><strong><em>τῶνδε</em></strong></span> <span class='ocrx_word' id='word_1_107' title='bbox 1203 2999 1481 3087; x_wconf 79' lang='grc' dir='ltr'><strong><em>μητέρες</em></strong></span> <span class='ocrx_word' id='word_1_108' title='bbox 1504 3004 1716 3086; x_wconf 87' lang='grc' dir='ltr'><strong><em>χθονί</em></strong></span> <span class='ocrx_word' id='word_1_109' title='bbox 1726 3015 1739 3026; x_wconf 90' lang='grc'>·</span> 
     </span>
     <span class='ocr_line' id='line_1_21' title="bbox 406 3095 1893 3190; baseline 0.002 -22"><span class='ocrx_word' id='word_1_110' title='bbox 406 3109 706 3188; x_wconf 86' lang='grc' dir='ltr'><strong><em>εἴργουσι</em></strong></span> <span class='ocrx_word' id='word_1_111' title='bbox 736 3095 800 3168; x_wconf 85' lang='grc' dir='ltr'><strong><em>δ’</em></strong></span> <span class='ocrx_word' id='word_1_112' title='bbox 835 3105 906 3169; x_wconf 82' lang='grc' dir='ltr'><strong><em>οί</em></strong></span> <span class='ocrx_word' id='word_1_113' title='bbox 924 3107 1325 3190; x_wconf 82' lang='grc' dir='ltr'><strong><em>κρατοῦντες</em></strong></span> <span class='ocrx_word' id='word_1_114' title='bbox 1355 3096 1507 3170; x_wconf 81' lang='grc' dir='ltr'><strong><em>οὐδ’</em></strong></span> <span class='ocrx_word' id='word_1_115' title='bbox 1544 3097 1893 3189; x_wconf 78' lang='grc' dir='ltr'><strong><em>ἀναίρεσιν</em></strong></span> 
     </span>
     <span class='ocr_line' id='line_1_22' title="bbox 405 3197 1848 3293; baseline 0.001 -23"><span class='ocrx_word' id='word_1_116' title='bbox 405 3205 646 3272; x_wconf 87' lang='grc' dir='ltr'><strong><em>δοῦναι</em></strong></span> <span class='ocrx_word' id='word_1_117' title='bbox 673 3203 955 3273; x_wconf 85' lang='grc' dir='ltr'><strong><em>θέλουσι</em></strong></span> <span class='ocrx_word' id='word_1_118' title='bbox 972 3256 991 3291; x_wconf 84' lang='grc'>,</span> <span class='ocrx_word' id='word_1_119' title='bbox 1020 3199 1251 3293; x_wconf 84' lang='grc' dir='ltr'><strong><em>νόμιμ’</em></strong></span> <span class='ocrx_word' id='word_1_120' title='bbox 1285 3197 1614 3286; x_wconf 72' lang='grc' dir='ltr'><strong><em>ἀτίζοντες</em></strong></span> <span class='ocrx_word' id='word_1_121' title='bbox 1641 3209 1848 3272; x_wconf 77' lang='grc' dir='ltr'><strong><em>θεῶν.</em></strong></span> 
     </span>
     <span class='ocr_line' id='line_1_23' title="bbox 401 3301 2187 3394; baseline -0.001 -21"><span class='ocrx_word' id='word_1_122' title='bbox 401 3301 636 3375; x_wconf 82' lang='grc' dir='ltr'><strong><em>κοινὸν</em></strong></span> <span class='ocrx_word' id='word_1_123' title='bbox 665 3304 740 3373; x_wconf 70' lang='grc' dir='ltr'><strong><em>δὲ</em></strong></span> <span class='ocrx_word' id='word_1_124' title='bbox 769 3303 1025 3393; x_wconf 86' lang='grc' dir='ltr'><strong><em>φόρτον</em></strong></span> <span class='ocrx_word' id='word_1_125' title='bbox 1051 3301 1271 3375; x_wconf 82' lang='grc' dir='ltr'><strong><em>ταῖσδ’</em></strong></span> <span class='ocrx_word' id='word_1_126' title='bbox 1307 3311 1477 3392; x_wconf 84' lang='grc' dir='ltr'><strong><em>ἔχων</em></strong></span> <span class='ocrx_word' id='word_1_127' title='bbox 1500 3311 1727 3394; x_wconf 87' lang='grc' dir='ltr'><strong><em>χρείας</em></strong></span> <span class='ocrx_word' id='word_1_128' title='bbox 1759 3308 1918 3394; x_wconf 78' lang='grc' dir='ltr'><strong><em>ἐμῆς</em></strong></span> <span class='ocrx_word' id='word_1_129' title='bbox 2120 3319 2187 3372; x_wconf 74' lang='lat'><strong><em>20</em></strong></span> 
     </span>
     <span class='ocr_line' id='line_1_24' title="bbox 383 3403 1751 3496; baseline 0.001 -21"><span class='ocrx_word' id='word_1_130' title='bbox 383 3403 754 3496; x_wconf 72' lang='grc' dir='ltr'><strong><em>’Ἄδραστος</em></strong></span> <span class='ocrx_word' id='word_1_131' title='bbox 782 3403 960 3495; x_wconf 77' lang='grc' dir='ltr'><strong><em>ὄμμα</em></strong></span> <span class='ocrx_word' id='word_1_132' title='bbox 989 3407 1321 3496; x_wconf 89' lang='grc' dir='ltr'><strong><em>δάκρυσιν</em></strong></span> <span class='ocrx_word' id='word_1_133' title='bbox 1348 3408 1606 3496; x_wconf 88' lang='grc' dir='ltr'><strong><em>τέγγων</em></strong></span> <span class='ocrx_word' id='word_1_134' title='bbox 1632 3403 1751 3476; x_wconf 77' lang='grc' dir='ltr'><strong><em>ὅδε</em></strong></span> 
     </span>
     <span class='ocr_line' id='line_1_25' title="bbox 403 3506 1879 3598; baseline -0.001 -18"><span class='ocrx_word' id='word_1_135' title='bbox 403 3523 648 3598; x_wconf 73' lang='grc' dir='ltr'><strong><em>κεῖται,</em></strong></span> <span class='ocrx_word' id='word_1_136' title='bbox 680 3508 755 3579; x_wconf 89' lang='grc' dir='ltr'><strong><em>τό</em></strong></span> <span class='ocrx_word' id='word_1_137' title='bbox 784 3506 843 3577; x_wconf 89' lang='grc' dir='ltr'><strong><em>τ’</em></strong></span> <span class='ocrx_word' id='word_1_138' title='bbox 880 3516 1068 3598; x_wconf 78' lang='grc' dir='ltr'><strong><em>ἔγχος</em></strong></span> <span class='ocrx_word' id='word_1_139' title='bbox 1094 3508 1216 3598; x_wconf 84' lang='grc' dir='ltr'><strong><em>τήν</em></strong></span> <span class='ocrx_word' id='word_1_140' title='bbox 1245 3535 1315 3578; x_wconf 88' lang='grc' dir='ltr'><strong><em>τε</em></strong></span> <span class='ocrx_word' id='word_1_141' title='bbox 1344 3508 1879 3598; x_wconf 85' lang='grc' dir='ltr'><strong><em>δυστυχεστάτην</em></strong></span> 
     </span>
    </p>
   </div>
   <div class='ocr_carea' id='block_1_4' title="bbox 1750 3601 1883 3670">
    <p class='ocr_par' dir='ltr' id='par_1_4' title="bbox 1750 3601 1883 3670">
     <span class='ocr_line' id='line_1_26' title="bbox 1750 3601 1883 3670; baseline 0 -25"><span class='ocrx_word' id='word_1_142' title='bbox 1750 3601 1883 3670; x_wconf 61' lang='grc'><strong><em>24*</em></strong></span> 
     </span>
    </p>
   </div>
  </div>
 </body>
</html>
