2492 3900
1069 135 1237 195 ΕΚΑ
1241 136 1365 193 ΒΗ
1528 168 1532 173 v
2092 133 2217 199 143

432 300 524 387 ὥς
549 330 664 391 μοι
690 311 1020 395 κρίνωσιν
1047 298 1393 393 ὀνείρους;

436 404 620 477 εἶδον
646 404 777 495 γὰρ
805 400 1051 494 βαλιὰν
1078 410 1336 495 ἔλαφον
1362 401 1577 475 λύκου
1604 410 1831 495 αἵμονι
1861 414 2031 500 χαλᾷ
2150 425 2221 480 90

431 510 888 598 σφαζομέναν,
969 504 1088 577 ἀπ’
1168 509 1349 594 ἐμῶν
1424 505 1732 595 γονάτων
1800 520 2227 581 σπασθεῑσαν

1121 606 1385 701 ἀνάγκᾳ

434 717 715 799 οἰκτρῶς
733 733 746 748 ·
778 712 893 781 καὶ
920 710 1077 780 τόδε
1105 710 1303 799 δεῖμά
1330 738 1465 799 μοι·

433 804 597 901 ἦλθ’
630 808 804 901 ὑπὲρ
833 809 1041 903 ἄκρας
1067 812 1329 901 τύμβου
1358 820 1665 904 κορυφᾶς

436 911 772 1003 φάντασμ’
799 912 1135 1003 Ἀχιλέως·
1172 910 1319 1004 ᾔτει
1351 915 1427 985 δὲ
1453 917 1652 1005 γέρας

435 1024 572 1086 τῶν
601 1017 1056 1105 πολυμόχθων
1081 1014 1234 1087 τινὰ
1272 1018 1660 1106 Τρωιάδων.
2153 1035 2223 1090 95

436 1115 553 1189 ἄπ’
587 1122 745 1207 ἐμᾶς
771 1110 901 1190 οὖν
929 1115 1046 1189 ἀπ’
1079 1122 1239 1207 έμᾶς
1265 1118 1422 1190 τόδε
1450 1118 1689 1200 παιδὸς

439 1223 738 1309 πέμψατε
751 1273 771 1310 ,
802 1226 1119 1310 δαίμονες
1132 1273 1152 1309 ,
1186 1222 1485 1291 ἱκετεύω.

194 1330 349 1397 XO.
426 1319 700 1413 Ἑκάβη,
731 1328 999 1413 σπουδῇ
1027 1322 1194 1415 πρός
1220 1320 1286 1393 σ’
1321 1323 1647 1412 έλιάσθην

435 1425 552 1505 τὰς
579 1426 1042 1507 δεσποσύνους
1070 1422 1322 1515 σκηνὰς
1350 1423 1778 1517 προλιποῦσ’,

438 1524 532 1599 ἵν’
565 1527 966 1618 ἐκληρώθην
992 1530 1108 1598 καὶ
1133 1528 1608 1619 προσετάχθην
2124 1546 2225 1599 100

439 1629 684 1719 δούλη,
712 1630 969 1712 πόλεως
997 1629 1511 1720 ἀπελαυνομένη

437 1739 554 1820 τῆς
574 1729 881 1820 Ἰλιάδος,
911 1733 1152 1821 λόγχης
1177 1738 1381 1821 αἰχμῇ

439 1834 887 1924 δοριθήρατος
913 1834 1082 1924 πρὸς
1101 1831 1406 1922 Ἀχαιῶν,

439 1932 645 2007 οὐδὲν
673 1938 954 2008 παθέων
985 1933 1546 2026 άποκουφίζουσ’,

440 2035 589 2108 ἀλλ’
623 2035 938 2127 ἀγγελίας
965 2039 1170 2129 βάρος
1197 2035 1498 2130 ἀραμένη
2128 2055 2224 2108 105

441 2143 610 2230 μέγα
637 2148 752 2212 σοί
772 2167 876 2228 τε,
905 2140 1143 2242 γύναι,
1171 2143 1385 2230 κῆρυξ
1413 2137 1648 2229 ἀχέων.

440 2248 515 2313 έν
541 2240 672 2333 γὰρ
693 2239 976 2331 Ἀχαιοῖν
1003 2244 1243 2335 πλήρει
1270 2243 1539 2337 ξυνόδῳ

441 2347 702 2432 λέγεται
733 2344 921 2429 δόξαι
949 2344 1080 2434 σὴν
1107 2344 1297 2417 παῖδ’
1324 2342 1573 2434 Ἀχιλεῖ

441 2444 737 2533 σφάγιον
763 2449 1018 2518 θέσθαι
1037 2470 1051 2485 ·
1090 2447 1355 2536 τύμβου
1382 2445 1446 2517 δ’
1479 2447 1710 2537 ἐπιβὰς

441 2545 623 2617 οἷσθ’
658 2545 768 2618 ὅτε
795 2553 1102 2641 χρυσέοις
1131 2549 1351 2638 ἐφάνη
1379 2547 1511 2619 σὺν
1538 2545 1788 2638 ὅπλοις,
2130 2567 2227 2618 110

438 2648 555 2731 τὰς
583 2651 1044 2740 ποντοπόρους
1071 2649 1140 2721 δ’
1174 2659 1324 2739 ἔσχε
1351 2656 1618 2739 σχεδίας

441 2759 651 2842 λαίφη
681 2749 1037 2844 προτόνοις
1067 2756 1599 2844 ἐπερειδομένας,

439 2854 601 2924 τάδε
627 2855 970 2926 θωΰσσων
986 2878 1003 2893 ·

439 2972 564 3026 ποτ
585 2953 704 3045 δή,
733 2964 1030 3046 Δαναοί,
1058 2956 1180 3029 τὸν
1205 2957 1370 3048 ἐμὸν
1396 2958 1655 3047 τύμβον

443 3057 793 3129 στέλλεσθ’
828 3056 1199 3150 ἀγέραστον
1225 3057 1544 3149 άφέντες;
2129 3074 2224 3127 115

440 3168 689 3250 πολλῆς
719 3158 784 3231 δ’
819 3167 1040 3251 ἔριδος
1063 3165 1426 3234 συνέπαισε
1453 3161 1750 3251 κλύδων,

445 3261 606 3346 δόξα
635 3261 702 3333 δ’
741 3263 977 3354 ἐχώρει
1006 3261 1140 3353 δίχ’
1176 3261 1287 3334 ἄν’
1311 3261 1649 3353 Ἑλλήνων

443 3365 732 3455 στρατὸν
759 3364 1117 3456 αἰχμητήν,
1151 3382 1290 3448 τοῖς
1315 3367 1438 3456 μὲν
1468 3363 1732 3438 διδόναι

438 3466 673 3562 τύμβῳ
702 3468 1032 3558 σφάγιον,
1062 3483 1198 3550 τοῖς
1227 3466 1293 3538 δ’
1332 3465 1485 3558 οὐχὶ
1513 3473 1789 3539 δοκοῦν.
