2492 3900
937 151 1349 210 ΙΚΕΤΙΔΕΣ
2027 148 2151 211 395

366 320 594 411 λαβὼν
619 321 828 407 πένης
862 316 952 399 ὡς
979 317 1393 444 ἀρτίπλουτα
1418 348 1739 411 χρηματα,

363 419 584 511 ὕβριζ’
620 419 916 511 ὑβρίζων
943 404 1004 489 τ’
1041 412 1246 503 αυθις
1280 421 1707 493 ἀνταπώλετο

365 526 646 612 Κάδμου
673 524 1036 612 κακόφρων
1061 524 1236 605 λαός.
1309 552 1361 593 ω
1391 526 1575 594 κενοὶ
1600 531 1885 614 βροτῶν,

357 624 432 694 τὸ
459 627 652 710 τόξον
679 629 1086 707 ἐντείνοντες
1125 631 1198 693 οἳ
1227 633 1471 713 καιροῦ
1505 629 1694 714 πέρα,
2051 638 2152 694 745

363 730 477 798 καὶ
503 726 672 818 πρὸς
700 733 890 816 δίκης
917 756 998 814 γε
1024 727 1237 798 πολλὰ
1264 729 1628 817 πάσχοντες
1654 755 1847 815 κακα,

367 837 588 918 φίλοις
616 830 740 918 μὲν
771 828 852 899 οὐ
887 838 1253 917 πείθεσθε,
1280 847 1417 911 τοῖς
1443 830 1520 899 δὲ
1546 829 1886 918 πράγμασι
1904 852 1917 866 ·

367 933 592 1012 πόλεις
618 930 704 1019 τ’,
738 940 1009 1019 ἔχουσαι
1037 931 1150 1000 διὰ
1177 932 1385 1019 λόγου
1414 932 1670 1020 κάμψαι
1696 932 1890 1019 κακά,

257 1124 259 1127 ⁴
366 1034 556 1127 φόνῳ
583 1031 1046 1123 καθαιρεῖσθ’,
1083 1030 1166 1103 οὐ
1194 1033 1406 1125 λόγῳ,
1436 1032 1519 1101 τὰ
1546 1033 1919 1121 πράγματα.

245 1125 256 1135 ’
369 1134 534 1224 ἀτὰρ
565 1142 636 1204 τί
661 1142 904 1218 ταῦτα;
933 1150 1118 1204 κεῖνο
1148 1136 1476 1222 βούλομαι
1502 1145 1774 1223 μαθεῖν,
2050 1148 2153 1202 750

367 1246 509 1317 πῶς
539 1237 904 1326 ἐξεσώθης·
938 1236 1076 1307 εἶτα
1104 1233 1293 1306 τᾶλλ’
1326 1237 1667 1326 ἐρήσομαι.

127 1345 328 1409 ΑΓΓ.
366 1341 510 1410 ἐπεὶ
536 1337 871 1429 ταραγμὸς
899 1339 1097 1409 πόλιν
1125 1342 1434 1427 ἐκίνησεν
1466 1343 1640 1427 δορί,

368 1442 584 1523 πύλας
613 1446 937 1529 διῆλθον,
966 1431 1139 1530 ᾗπερ
1171 1440 1381 1531 εἰσῄει
1408 1439 1707 1529 στρατός.

129 1552 284 1613 ΛΔ.
371 1534 469 1612 ὦν
495 1541 562 1614 δ’
607 1540 811 1629 εἵνεχ’
857 1539 1044 1629 ἁγών
1069 1533 1188 1631 ἦν,
1219 1542 1505 1631 νεκροὺς
1532 1549 1869 1630 κομίζετες

127 1651 328 1714 ΑΓΓ.
367 1641 512 1715 ὅσοι
539 1674 616 1731 γε
645 1655 935 1725 κλεινοῖς
961 1642 1107 1714 ἕπτ’
1141 1647 1517 1732 ἐφέστασαν
1548 1644 1789 1731 λόχοις.
2052 1657 2151 1711 755

129 1757 282 1815 AA.
365 1754 505 1828 πῶς
535 1748 698 1834 φής;
729 1745 765 1816 ὁ
796 1744 860 1815 δ’
895 1744 1095 1826 ἄλλος
1121 1754 1257 1817 ποῦ
1285 1744 1716 1835 κεκμηκότων
1742 1742 1975 1831 ὄχλος,
1958 1778 1975 1795 ·

132 1856 327 1917 ΑΓΓ.
360 1849 552 1940 τάφῳ
582 1850 893 1917 δέδονται
921 1848 1086 1936 πρὸς
1111 1854 1547 1937 Κιθαιρῶνος
1579 1860 1877 1933 πτυχαῖς.

130 1961 282 2020 ΑΔ.
365 1947 726 2020 τούκεῖθεν
752 1945 796 2037 ἦ
825 1945 1165 2019 τουνθένδ
1169 1977 1236 2031 ε
1264 1957 1365 2029 τίς
1394 1945 1456 2018 δ’
1492 1949 1714 2029 ἔθαψέ
1732 1976 1884 2033 νιν,

130 2060 325 2123 ΑΓΓ.
361 2054 658 2178 Θησεύς,
689 2051 979 2140 σκιώδης
1011 2048 1163 2121 ἔνθ’
1188 2049 1573 2139 Ἐλευθερὶς
1600 2052 1829 2139 πέτρα.

129 2167 282 2225 ΑΔ.
366 2152 486 2237 οὒς
514 2153 580 2224 δ’
612 2183 739 2225 ουκ
769 2160 985 2236 ἔθαψε
1014 2160 1148 2223 ποῦ
1175 2151 1463 2243 νεκροὺς
1493 2149 1671 2239 ἥκεις
1706 2153 1957 2236 Amo-6213
2050 2164 2151 2220 760

129 2264 328 2327 ΑΓΓ.
367 2259 596 2346 ἐγγύς·
625 2260 828 2337 πέλας
858 2255 985 2345 γὰρ
1014 2263 1148 2325 πᾶν
1179 2282 1216 2324 ο
1243 2284 1307 2326 τι
1336 2254 1796 2337 σπουδάζεται.

131 2371 284 2429 ΑΛ.
367 2352 409 2450 ἦ
437 2385 570 2430 που
599 2366 854 2449 πικρῶς
879 2387 992 2430 νιν
1017 2362 1315 2449 θέραπες
1340 2348 1512 2445 ’ἦγον
1541 2360 1614 2426 ἐκ
1645 2356 1901 2443 φόνους

131 2468 328 2532 ΑΓΓ.
367 2460 593 2544 οὐδεὶς
622 2463 861 2548 ἐπέστη
893 2466 1066 2552 τῷδε
1094 2466 1337 2539 δοῦλος
1366 2454 1463 2527 ὥν
1490 2459 1697 2548 πόνῳ.

129 2569 1932 2634 ΑΔ,************

129 2673 328 2736 ΑΓΓ.
369 2673 572 2756 φαίης
599 2663 717 2753 ἄν,
749 2672 814 2734 εἰ
835 2659 1138 2753 παρῆσθ’
1171 2659 1273 2732 ὅτ’
1306 2660 1530 2750 ἠγάπα
1556 2659 1862 2749 νεκρούς.

131 2778 284 2839 ΑΔ.
365 2775 599 2852 ἔνιψεν
628 2765 832 2848 αὐτὸς
859 2775 996 2836 τῶν
1023 2766 1471 2854 ταλαιπώρων
1497 2760 1795 2850 σφαγάς;
2056 2774 2156 2828 765

131 2877 330 2941 ΑΓΓ.
367 2868 716 2960 κᾶστρωσέ
737 2867 806 2959 γ’
842 2867 1045 2950 εὐνὰς
1073 2865 1423 2949 κάκάλυψε
1452 2865 1744 2954 σώματα.

24 2965 26 2968 ’
149 2983 282 3041 ΑΔ.
371 2973 600 3043 δεινὸν
628 2974 753 3062 μὲν
781 2963 908 3041 οὖν
936 2971 1281 3059 βάσταγμα
1308 2965 1654 3060 κᾴσχύνην
1684 2973 1861 3054 ἔχον.

135 3080 330 3146 ΑΓΓ.
365 3082 438 3144 τί
462 3072 526 3143 δ’
563 3072 844 3163 αἰσχρὸν
877 3070 1303 3163 ἀνθρώποισι
1335 3069 1681 3156 τάλλήλων
1716 3067 1921 3148 κακάς

135 3187 284 3246 ΑΔ.
363 3187 572 3264 οἴμοι·
606 3173 795 3267 πόσῳ
823 3195 990 3264 σφιν
1017 3185 1393 3244 συνθανεῖν
1423 3167 1509 3240 ὂὶν
1534 3169 1807 3258 ἤθελον.

136 3284 330 3349 ΑΓΓ.
367 3277 649 3368 ἄκραντ’
682 3275 920 3366 ὄδύρει
949 3279 1182 3347 ταῖσδέ
1204 3273 1267 3344 τ’
1303 3273 1555 3360 ἐξάγεις
1582 3272 1821 3361 δάκρυ.
2057 3281 2158 3336 770

24 3453 27 3478 Ι,
141 3390 284 3450 ΑΔ.
371 3387 551 3451 δοκῶ
580 3383 737 3469 μέν,
775 3376 982 3448 αὐταί
1006 3375 1072 3467 γ’
1111 3379 1283 3447 εἰσὶν
1310 3381 1386 3444 αἰ
1406 3374 1818 3444 διδάσκαλοι.

367 3479 514 3551 ἀλλ’
547 3477 698 3567 εἶμ’,
737 3481 969 3566 ἐπαρεῖ
1001 3477 1158 3564 χεῖρ’
1197 3474 1585 3562 ἀπαντήσας
1622 3485 1888 3562 νεκροῖς
