2492 3900
209 361 337 421 ΕΡ.

200 464 359 524 ΑΝ.

201 564 338 625 ΕΡ.

197 668 357 728 AN.

198 769 336 829 ΕΡ.

197 872 356 932 ΑΝ.

203 974 333 1033 ΕΡ.

197 1076 356 1136 ΑΝ.

198 1178 332 1238 ΕΡ.

200 1280 359 1340 ΑΝ.

195 1382 333 1442 ΕΡ.

196 1482 354 1544 ΑΝ.

191 1586 332 1646 ΕΡ.

195 1688 353 1747 ΑΝ.

201 1790 330 1850 ΕΡ.

193 1892 350 1954 ΑΝ.

193 1996 325 2056 ΕΡ.

193 2097 349 2158 AN.

191 2200 330 2262 ΕΡ.

187 3015 351 3079 ΑΝ.

930 185 1489 245 ΑΝΔΡΟΜΑΧΗ
2145 186 2226 249 55

446 348 527 422 οῦ
559 353 924 441 βαρβάρων
952 355 1258 441 νόμοισιν
1285 362 1605 443 οἰκοῦμεν
1632 356 1851 425 πόλιν.

445 451 644 524 κάκεῖ
666 456 747 523 τά
777 453 832 543 γ’
866 455 1105 544 αἰσχρὰ
1132 454 1428 527 κάνθάδ’
1462 457 1789 545 αἰσχύνην
1819 464 1972 546 ἔχει.

445 556 628 646 σοφὴ
657 554 837 646 σοφὴ
872 558 960 627 σύ
979 582 992 594 ·
1036 570 1407 628 κατθανεῖν
1437 557 1501 629 δ’
1537 554 1715 646 ὅμως
1743 582 1816 628 σε
1848 567 1971 631 δεῖ.
2123 580 2222 633 245

445 655 609 751 ὁρᾷς
637 657 901 748 ἄγαλμα
935 663 1210 743 Θέτιδος
1239 670 1335 743 είς
1362 658 1426 730 σ’
1461 658 1882 749 ἆποβλέπον;

443 769 693 847 μισοῦν
724 790 802 850 γε
830 768 1120 851 πατρίδα
1149 763 1281 851 σὴν
1302 761 1648 851 Ἀχιλλέως
1675 764 1887 857 φόνῳ.

434 859 664 952 Ἑλένη
692 893 804 933 νιν
834 861 1057 952 ὤλεσ’,
1089 862 1216 933 οὐκ
1243 867 1410 952 ἐγώ,
1440 866 1653 954 μήτηρ
1684 867 1759 935 δὲ
1786 868 1890 955 ση’.

437 956 484 1051 ἦ
510 968 624 1034 καὶ
652 967 881 1056 πρόσω
910 965 1040 1057 γὰρ
1068 974 1205 1035 τῶν
1233 970 1413 1053 ἐμῶν
1440 969 1725 1049 ψαύσεις
1752 977 1980 1039 κακῶν
1996 1000 2016 1053 3

442 1066 597 1135 ἰδοῦ
625 1076 858 1138 σιωπῶ
885 1066 1331 1156 κάπιλάζυμαι
1360 1069 1589 1157 στόμα.
2120 1090 2222 1142 250

439 1172 657 1239 ἐκεῖνο
686 1174 909 1259 λέξον,
941 1161 1154 1261 οὗπερ
1194 1168 1397 1240 εἵνεκ’
1438 1171 1738 1259 ἐστάλην.

442 1272 616 1359 λέγω
644 1270 708 1341 σ’
742 1272 871 1361 ἐγώ
901 1280 1075 1342 νοῦν
1106 1270 1233 1341 οῦκ
1264 1280 1441 1361 ἔχειν
1470 1270 1630 1343 ὅσον
1658 1294 1733 1343 σε
1762 1278 1884 1343 δεῖ.

438 1380 693 1456 λείψεις
719 1372 868 1445 τόδ’
899 1372 1111 1463 ἁγνὸν
1137 1378 1408 1463 τέμενος
1434 1380 1702 1456 ἐναλίας
1730 1383 1939 1459 θεοῦ;

440 1482 504 1545 εἰ
527 1477 652 1565 μὲν
685 1483 1035 1564 θανοῦμαί
1063 1474 1129 1563 γ’
1153 1484 1269 1544 εἰ
1292 1476 1367 1544 δὲ
1394 1476 1517 1565 μή,
1552 1472 1635 1545 οῦ
1665 1482 1874 1557 λείψω
1906 1479 2083 1544 ποτέ.
2110 1512 2153 1555 0

437 1606 526 1657 ως
553 1575 728 1647 τοῦτ’
763 1606 1004 1667 αραρε,
1040 1575 1169 1647 κοῦ
1197 1584 1379 1664 μενῶ
1408 1576 1608 1647 πόσιν
1639 1585 1892 1664 μολεῖν.
2116 1595 2215 1645 ‘255

439 1676 575 1747 ἀλλ’
608 1676 762 1749 οὐδ’
793 1678 924 1768 ἐγὼ
954 1678 1089 1768 μὴν
1116 1680 1423 1770 πρόσθεν
1450 1679 1722 1748 ἐκδώσω
1750 1680 1836 1766 με’
1860 1699 1987 1747 σοι.

436 1788 574 1870 πῦρ
606 1803 711 1852 σοι
739 1790 1076 1870 προσοίσω
1105 1779 1233 1850 κοῦ
1262 1780 1335 1850 τὸ
1362 1779 1486 1850 σὸν
1513 1783 1997 1868 προσκέψομαι,

435 1881 524 1953 σῦ
555 1880 623 1952 δ’
658 1874 785 1952 οὖν
811 1884 1126 1952 κάταιθε·
1158 1886 1314 1951 θεοὶ
1340 1882 1469 1974 γὰρ
1500 1892 1791 1952 εἴσονται
1819 1882 1997 1949 τάδε.

427 1987 545 2054 καὶ
568 1985 775 2072 χρωτὶ
803 1990 1049 2053 δεινῶν
1077 1983 1478 2073 τραυμάτων
1512 1980 1907 2072 ἀλγηδόνας.

431 2082 634 2173 σφάξ’
639 2139 660 2174 ,
691 2083 976 2180 αἰμάτου
1004 2093 1169 2166 θεᾶς
1197 2084 1464 2186 βωμόν,
1498 2081 1542 2174 ἢ
1568 2089 1827 2174 μέτεισί
1848 2106 1944 2155 σε.
2114 2104 2216 2158 260

436 2217 488 2259 ω
518 2189 866 2280 βάρβαρον
892 2185 980 2258 σῦ
1007 2191 1280 2278 θρέμμα
1310 2191 1422 2258 καὶ
1442 2187 1739 2278 σκληρὸν
1768 2189 2049 2277 θράσος,
2190 2209 2197 2215 ·

430 2296 851 2383 ἐγκαρτερεῖς
885 2290 968 2380 δὴ
997 2292 1335 2374 θάνατον;
1366 2289 1503 2360 ἀλλ’
1542 2291 1673 2380 ἐγώ
1701 2288 1765 2359 σ’
1797 2293 1997 2381 ἕδρας

429 2397 502 2462 ἐκ
530 2391 722 2482 τῆσδ’
756 2396 1045 2464 ἑκοῦσαν
1077 2394 1496 2481 ἐξαναστήσω
1526 2396 1689 2482 τάχα
1707 2417 1720 2430 ·

431 2493 685 2566 τοιόνδ’
718 2503 843 2584 ἔχω
873 2520 1002 2565 σου
1032 2499 1292 2585 δέλεαρ.
1350 2493 1519 2563 ἀλλὰ
1548 2494 1678 2584 γὰρ
1712 2495 1958 2581 λόγους

430 2598 703 2685 κρύψω,
733 2596 807 2667 τὸ
843 2596 912 2667 δ’
947 2603 1149 2687 ἔργον
1177 2595 1344 2666 αὐτὸ
1375 2613 1663 2684 σημανεῖ
1684 2596 1868 2683 τάχα.
2113 2613 2214 2668 265

431 2697 680 2788 κάθησ’
716 2703 981 2788 ἕδραία·
1011 2701 1125 2768 καὶ
1156 2698 1285 2788 γὰρ
1316 2706 1379 2768 εἰ
1402 2701 1589 2788 πέριξ
1619 2693 1683 2767 σ’
1720 2705 1853 2785 ἔχει

426 2801 661 2890 τηκτὸς
687 2801 1056 2890 μόλυβδος,
1087 2801 1508 2889 ἐξαναστήσω
1535 2797 1599 2870 σ’
1632 2799 1761 2892 ἐγώ

429 2907 593 2991 πρὶν
623 2895 677 2996 ᾧ
709 2907 1043 2985 πέποιθας
1071 2901 1259 2974 παῖδ’
1285 2901 1631 2992 Ἀχιλλέως
1658 2912 1911 2991 μολεῖν.

435 3009 752 3075 πέποιθα.
801 3003 1033 3076 δεινὸν
1061 3003 1126 3075 δ’
1161 3009 1460 3095 ἑρπετῶν
1487 3007 1611 3094 μὲν
1638 3003 1897 3095 ἀγρίων
1972 3055 1979 3060 -

435 3105 562 3195 ἄκη
593 3116 892 3197 βροτοῖσι
917 3115 1106 3178 θεῶν
1132 3116 1547 3197 καταστῆσαί
1564 3136 1716 3178 τινα
1734 3131 1747 3146 ·
2110 3124 2212 3178 270

436 3209 480 3274 ἃ
499 3207 566 3278 δ’
601 3209 725 3280 ἔστ’
757 3214 1022 3300 ἐχίδνης
1049 3214 1162 3280 καὶ
1190 3212 1403 3302 πυρὸς
1431 3214 1825 3301 περαιτέρω,

429 3309 654 3394 οὐδεὶς
683 3311 1006 3402 γυναικὸς
1034 3311 1335 3403 φάρμακ’
1369 3314 1689 3404 ἐξηύρηκέ
1713 3341 1815 3383 πω

427 3423 663 3503 κακῆς’
706 3417 1030 3486 τοσοῦτόν
1055 3421 1255 3504 ἐσμεν
1284 3415 1675 3504 ἀνθρώποις
1702 3444 1935 3486 κακον.
