2492 3900
991 118 1383 175 ΑΛΚΗΣΤῙ
1384 122 1449 177 Σ
2196 111 2237 177 7

195 300 355 360 ΛΠ.
445 287 634 359 οὗτοι
672 288 878 357 πλέον
907 283 970 374 γ’
1013 282 1098 355 ἄν
1131 282 1176 375 ἢ
1199 292 1363 374 μίαν
1391 285 1617 374 ψυχὴν
1645 286 1895 375 λάβοις.

195 404 350 471 ΘΛ.
437 396 617 462 νέων
647 388 1048 477 φθινόντων
1076 396 1301 477 μεῖζον
1328 385 1625 477 ἄρνυμαι
1654 392 1872 477 γε’ρας.
2166 408 2237 459 55

193 504 356 564 ΛΠ.
441 491 571 563 κᾶν
599 498 813 583 γραῦς
844 487 1109 579 ὄληται,
1151 497 1489 573 πλουσίως
1520 491 1907 578 ταφήσεται.

201 607 352 666 ΘΑ.
445 593 616 687 πρὸς
644 601 781 662 τῶν
811 594 1136 681 ἐχόντων,
1167 600 1411 681 Φοῖβε,
1441 590 1560 663 τὸν
1586 593 1801 681 νόμον
1828 602 2045 682 τίθης.

196 708 360 769 ΛΠ.
453 705 595 777 πῶς
625 694 848 779 εἷπας;
879 692 1029 763 ἀλλ’
1063 685 1108 783 ἦ
1136 696 1251 765 καὶ
1281 692 1491 783 σοφός
1519 698 1811 783 λέληθας
1840 692 1973 779 ὤνς

201 812 352 871 ΘΑ.
456 795 719 873 ὅναιντ’
760 791 846 867 ἄν
877 794 998 878 οὓς
1027 796 1307 887 πάρεστι
1336 796 1663 887 γηραιοὺς
1692 809 1955 868 θανεῖν.

199 912 358 972 ΛΠ.
446 899 706 972 οὔκουν
736 906 923 969 δοκεῖ
947 920 1054 969 σοι
1083 899 1285 988 τήνδε
1313 926 1429 988 μου
1455 906 1697 970 δοῦναι
1726 900 1955 989 χάριν;
2165 918 2237 971 60

204 1016 352 1075 ΘΑ.
448 1001 532 1074 οὐ
565 1000 714 1091 δῆτ’
737 1026 751 1039 ·
785 1005 1132 1071 ἐπίστασαι
1161 1002 1238 1072 δὲ
1266 1000 1423 1082 τοὺς
1452 1000 1654 1089 ἐμοὺς
1680 1004 1992 1093 τρόπους.

201 1116 360 1176 ΑΠ.
445 1104 736 1195 ἐχθρούς
763 1131 840 1192 γε
868 1114 1145 1191 θνητοῖς
1173 1107 1287 1173 καὶ
1314 1115 1502 1185 θεοῖς
1530 1107 2049 1193 στυγουμένους.

203 1220 352 1279 ΘΑ.
445 1205 572 1277 οὐκ
605 1202 688 1275 ἂν
726 1204 966 1275 δύναιο
996 1202 1192 1275 πάντ’
1229 1212 1409 1294 ἔχειν
1437 1202 1481 1275 ἃ
1507 1207 1597 1297 μή
1624 1230 1699 1277 σε
1730 1214 1855 1277 δεῖ.

204 1320 360 1381 ΛΠ.
441 1301 486 1397 ἦ
514 1306 649 1397 μὴν
677 1306 763 1377 σὺ
801 1315 1015 1379 πείσει
1065 1314 1308 1399 καίπερ
1338 1304 1516 1397 ὠμὸς
1546 1305 1644 1379 ὢν
1673 1306 1847 1398 ἄγαν
1866 1334 1880 1347 ·

445 1427 622 1491 τοῖος
651 1412 946 1499 Φέρητος
977 1409 1104 1479 εἶσι
1134 1409 1303 1495 πρὸς
1331 1412 1582 1498 δόμους
1610 1408 1815 1502 ἀνήρ,
2160 1430 2231 1483 65

437 1511 862 1604 Εὐρυσθέως
897 1516 1280 1601 πέμψαντος
1306 1518 1578 1584 ἵππειον
1604 1517 1767 1603 μέτα
1939 1603 1948 1613 ⁶

444 1613 658 1704 ὄχημα
688 1615 955 1705 Θρῄκης
983 1618 1055 1684 ἐκ
1083 1615 1311 1685 τόπων
1338 1619 1818 1706 δυσχειμέρων,

445 1714 518 1799 ὃς
550 1716 634 1805 δὴ
664 1720 986 1799 ξενωθεὶς
1010 1714 1228 1787 τοῖσδ’
1267 1722 1341 1788 ἐν
1363 1716 1694 1807 Ἀδμήτου
1728 1720 1959 1807 δόμοις

443 1827 561 1911 βίᾳ
588 1836 877 1907 γυναῖκα
902 1818 1106 1907 τήνδε
1136 1817 1200 1889 σ’
1234 1822 1663 1909 ἐξαιρήσεται.

451 1918 675 2006 [κοῧθ’
710 1918 751 2011 ἡ
783 1920 944 2012 παρ’
979 1917 1172 2011 ἡμῶν
1199 1944 1306 1991 σοι
1335 1923 1683 2011 γενήσεται
1710 1923 1897 2010 χάρις
2160 1943 2231 1998 70

444 2024 711 2114 δράσεις
737 2022 814 2094 θ’
854 2022 1099 2114 ὁμοίως
1125 2021 1341 2112 ταῦτ’,
1373 2021 1738 2114 ἀπεχθήσει
1765 2022 1825 2095 τ’
1861 2030 2053 2114 ἐμοί]

209 2138 354 2198 ΘΑ.
446 2125 642 2197 πόλλ’
676 2123 762 2196 ἂν
791 2127 876 2197 σύ
905 2130 1095 2211 λέξας
1126 2124 1333 2196 οὐδὲν
1361 2122 1448 2197 ἄν
1478 2131 1683 2197 πλέον
1712 2127 1974 2217 λάβοις·

445 2226 486 2317 ἡ
516 2227 582 2298 δ’
615 2222 742 2298 οὖν
773 2229 948 2318 γυνὴ
977 2230 1279 2300 κάτεισιν
1308 2237 1400 2311 εἰς
1414 2227 1649 2300 ’Ἅιδου
1680 2231 1949 2319 δόμους.

443 2339 679 2418 στείχω
709 2329 777 2401 δ’
811 2330 916 2401 ἐπ’
951 2329 1198 2422 αὐτήν,
1230 2329 1320 2412 ὥς
1346 2334 1770 2424 κατάρξωμαι
1798 2341 1978 2422 ξίφει
1998 2357 2015 2372 ·

446 2431 625 2521 ίερός
653 2433 781 2524 γὰρ
811 2425 1007 2514 οὗτος
1035 2441 1172 2504 τῶν
1199 2434 1367 2503 κατὰ
1394 2435 1642 2522 χθονὸς
1670 2444 1857 2505 θεῶν
2160 2455 2229 2509 75

443 2531 606 2604 ὅτου
635 2532 781 2606 τόδ’
811 2543 1003 2624 ἔγχος
1030 2535 1274 2627 κρατὸς
1302 2533 1545 2626 ἆγνίσῃ
1574 2545 1784 2625 τρίχα.

221 2640 356 2702 ΧΟ.
448 2642 512 2701 τί
534 2635 688 2705 ποθ’
715 2636 956 2722 ἡσυχία
980 2640 1287 2722 πρόσθεν
1310 2640 1701 2726 μελάθρων;

446 2745 518 2808 τί
539 2745 884 2826 σεσίγηται
910 2739 1114 2827 δόμος
1136 2737 1500 2830 Ἀδμήτου;

443 2843 580 2913 ἀλλ’
611 2845 773 2914 οὐδὲ
803 2853 1023 2931 φίλων
1045 2851 1246 2926 πέλας
1271 2843 1514 2931 οὐδείς,

441 2940 620 3025 ὅστις
649 2940 736 3013 ἂν
764 2956 940 3015 εἴποι
969 2947 1255 3034 πότερον
1283 2951 1627 3036 φθιμένην
2158 2965 2229 3018 80

435 3044 562 3132 χρή
598 3052 944 3133 βασίλειαν
980 3059 1299 3136 πενθεῖν,
1330 3045 1375 3138 ἦ
1401 3046 1551 3133 ζῶσ’

445 3153 541 3216 ἔτι
571 3154 720 3234 φῶς
746 3149 1013 3220 λεύσσει
1044 3159 1301 3220 Πελίου
1330 3151 1485 3221 τόδε
1515 3167 1667 3233 παῖς

422 3245 807 3338 Ἄλκηστις,
838 3254 986 3340 ἐμοὶ
1013 3261 1184 3322 πᾶσί
1203 3251 1262 3322 τ’
1297 3250 1531 3343 ἀρίστη

444 3351 692 3433 δόξασα
723 3351 896 3442 γυνὴ

441 3453 644 3522 πόσιν
673 3460 767 3534 είς
801 3453 1007 3544 αὐτῆς
1033 3465 1465 3546 γεγενῆσθαι.
2156 3473 2227 3526 85
