2492 3900
109 534 258 597 AA.

100 638 259 699 AA.

99 740 259 800 AA.

103 842 258 902 AA.

100 942 251 1002 XO.

100 1148 257 1208 AA.

101 1556 250 1657 Χῼ.

102 1863 257 1923 ΑΔ.

102 1966 256 2025 ΑΔ.

103 2067 256 2127 ΑΔ.

103 2170 256 2230 ΑΔ.

103 2271 173 2330 X
173 2271 249 2330 0.

104 2475 262 2535 ΑΔ.

105 2678 172 2737 X
172 2678 250 2738 Ο.

106 2882 256 2942 ΛΔ.

105 3287 248 3348 ΧΟ.

923 151 1335 209 ΙΚΕΤΙΔΕΣ
2004 152 2126 222 397

339 310 816 411 προσηγόρημα
849 321 1176 408 ματέρων,

339 428 704 512 προσαυδῶ
733 443 809 491 σε
836 420 956 491 τὸν
982 420 1306 489 θανόντα.

341 523 420 595 c&
454 524 565 613 ἰῶ,
600 532 746 594 ΧΟ.
776 530 913 595 τῶν
940 520 1009 613 γ’
1039 526 1219 611 ἐμῶν
1245 529 1477 593 κακῶν
1512 525 1663 613 ἐγῶ.
2026 546 2129 603 805

340 634 1231 697 αιαῑ,Χο,****
1338 638 1649 681 *ῆι*

341 728 686 817 ἐπάθομεν
714 724 770 797 ῶ
813 768 885 779 --
955 736 1101 797 XO.
1133 726 1214 797 τὰ
1240 725 1518 799 κύντατ’
1550 725 1721 821 ἄλγη
1740 739 1998 802 κακῶν.

343 822 399 900 ῶ
429 830 622 913 πόλις
640 826 908 920 Ἀργεία
924 883 942 917 ,
973 828 1092 900 τὸν
1123 828 1289 918 ἐμὸν
1313 830 1567 920 πότμον
1594 830 1722 903 ούκ
1750 836 2059 923 &opatu

331 928 586 1021 ὁρῶσιν
619 937 730 1025 ἐμὲ
761 938 886 1025 τὴν

337 1036 690 1122 τάλαιναν,
720 1037 977 1107 τέκνων
1008 1031 1295 1103 ἄπαιδα.
2026 1053 2129 1108 810

343 1139 712 1226 προσάγετε
741 1146 878 1209 τῶν
913 1137 1321 1223 δυσπότμων
1880 1135 2022 1208 ἀντ.

338 1237 603 1327 σώμαθ’
637 1245 1105 1329 αἱματοσταγῆ,

340 1343 680 1429 σφαγέντα
713 1340 773 1410 τ’
807 1340 934 1413 οὐκ
963 1338 1091 1424 ἄξι’
1134 1337 1287 1410 οὐδ’
1320 1338 1445 1410 ὑπ’
1476 1337 1705 1429 ἀξίων,

337 1447 411 1512 ἐν
439 1439 538 1524 οἷς
565 1440 753 1531 ἆγῶν
781 1442 1102 1535 ἐκράνθη.
1189 1490 1202 1507 .

335 1542 513 1633 δόθ’,
544 1542 635 1627 ῶς
661 1561 1128 1639 περιπτυχαῖσι
1157 1543 1242 1633 δὴ
2025 1564 2126 1619 815

337 1650 534 1733 χέρας
561 1644 1062 1737 προσαρμόσασ’
1095 1651 1275 1736 ἐμοῖς

338 1752 412 1819 ἐν
442 1744 697 1839 ἀγκῶσι
725 1754 926 1821 τέκνα
953 1758 1202 1839 θῶμαι.

339 1858 508 1937 ἔχεις
541 1858 711 1939 ἔχεις
736 1890 839 1903 --
892 1861 1035 1921 XO.
1066 1852 1387 1939 πημάτων
1418 1850 1485 1939 γ’
1519 1848 1665 1931 ἅλις
1693 1853 1918 1942 βάρος.

341 1960 502 2022 αἰαῖ.
560 1961 705 2022 XO.
737 1968 875 2034 τοῖς
903 1960 1174 2024 τεκοῦσι
1202 1951 1272 2022 δ’
1304 1945 1435 2024 οὖν
1462 1956 1694 2042 λέγεις.

341 2052 524 2125 ἀίετέ
543 2083 697 2144 μου.
763 2065 907 2126 ΧΟ.
937 2058 1190 2135 στένεις
1217 2053 1327 2125 ἐπ’
1360 2052 1616 2145 ἀμφοῖν
1642 2053 1787 2145 ἄχη.
2020 2071 2125 2127 820

344 2167 493 2228 εἴθε
518 2185 600 2246 με
629 2165 994 2247 Καδμείων
1021 2165 1266 2245 ἔναρον
1295 2166 1511 2246 στίχες
1539 2162 1615 2228 ἐν
1640 2165 1995 2228 κονίαισιν.

337 2258 500 2348 ἐμὸν
532 2260 608 2330 δὲ
633 2258 878 2350 μήποτ’
911 2257 1108 2348 ἐζύγη

339 2365 543 2451 δέμας
561 2390 605 2447 γ
619 2359 726 2448 ’ἐς
759 2367 1008 2452 ἀνδρὸς
1045 2363 1276 2434 εὐνάν.

349 2470 526 2534 ἴδετε
553 2472 783 2534 κακῶν
812 2467 1214 2551 πέλαγοςω
1113 2516 1130 2550 ,

339 2570 616 2656 ματέρες
639 2568 946 2637 τάλαιναι
975 2567 1248 2635 τέκνων.
2022 2581 2125 2637 825

335 2667 504 2737 κατὰ
533 2670 658 2756 μὲν
683 2666 918 2752 ονυξιν
946 2664 1372 2755 ἠλοκίσμεθ’,
1407 2664 1580 2755 ἀμφὶ
1609 2666 1685 2736 δὲ

341 2770 597 2840 σποδὸν
625 2771 798 2859 κάρα
837 2769 1198 2857 κεχύμεθα.

341 2871 420 2940 ἰῶ
456 2873 536 2942 ἰῶ
562 2880 684 2961 μοί
706 2895 848 2961 μοι·

337 2976 506 3044 κατά
529 3003 612 3063 με
639 2977 849 3044 πέδον
876 2982 998 3063 γᾶς
1025 2977 1185 3061 ἕλοι,

337 3075 452 3144 διὰ
481 3077 556 3146 δὲ
584 3067 847 3146 θύέλλα
873 3077 1143 3163 σπάσαι,
2019 3091 2125 3148 830

336 3179 550 3266 πυρός
579 3205 651 3247 τε
682 3175 982 3266 φλογμὸς
1010 3175 1047 3247 ὁ
1074 3176 1242 3258 Διὸς
1273 3181 1347 3248 ἐν
1374 3177 1547 3269 κάρᾳ
1577 3179 1787 3249 πέσοι.

333 3279 620 3368 πικροὺς
647 3285 898 3360 ἐσεῖδες
927 3280 1201 3369 γάμους,

337 3381 587 3472 πικρὰν
615 3382 691 3452 δὲ
721 3389 978 3470 Φοίβου
1017 3383 1252 3470 φάτιν·

337 3485 548 3572 ἔρημά
577 3479 642 3552 σ’
677 3480 720 3552 ἆ
749 3483 1156 3564 πολύστονος
1190 3484 1522 3554 Οἰδιπόδα
1750 3531 1753 3534 ·
2017 3497 2127 3555 88⁵
