2492 3900
322 97 446 160 258
1140 101 1530 158 HAEKTPA

555 273 618 337 εἰ
641 274 873 355 χρῶμα
908 261 1165 334 ταύτὸν
1190 273 1529 353 -κουρίμης
1571 270 1752 333 ἔσται
1783 269 2039 355 τριχός·

553 377 744 458 φιλεῖ
765 369 927 458 γάρ,
960 365 1120 457 αἷμα
1148 365 1397 438 ταύτὸν
1424 364 1523 450 οἷς
1555 364 1640 438 ἄν
1667 359 1713 459 ᾖ
1739 370 2008 458 πατρός,

548 470 630 540 τὰ
658 468 847 541 πόλλ’
882 468 1079 559 ὅμοια
1104 470 1405 558 σώματος
1432 475 1830 559 πεφυκέναι.

320 581 469 642 ΗΛ.
553 571 679 642 οὐκ
707 569 835 654 ἄξι’
874 570 1155 661 ἀνδρός,
1186 563 1242 640 αἶ
1269 575 1507 661 γέρον,
1536 578 1760 661 σοφοῦ
1789 575 2023 660 λέγεις,

555 682 617 744 εἰ
644 673 946 763 κρυπτὸν
977 681 1070 754 είς
1097 681 1225 761 γῆν
1253 670 1442 762 τήνδ’
1477 671 1562 743 ἄν
1588 681 1930 762 Αἰγίσθου
1959 674 2152 767 φόβῳ
2233 693 2324 745 52⁰2
2400 672 2407 685 '

552 783 769 856 δοκεῖς
796 771 1097 863 ἀδελφὸν
1124 774 1244 845 τὸν
1274 776 1434 863 ἐμὸν
1465 772 1769 864 εὐθαρσῆ
1797 784 2046 862 μολεῖν.

549 885 775 946 ἔπειτα
801 884 1026 965 χαίτης
1054 883 1193 958 πῶς
1220 885 1606 947 συνοίσεται
1631 876 1898 964 πλόκος,

551 976 587 1048 ὃ
617 979 741 1064 μὲν
768 987 1200 1068 παλαίστραις
1228 975 1476 1068 ἀνδρὸς
1507 975 1830 1066 εὐγενοῦς
1862 986 2162 1067 τραφείς,

550 1081 586 1150 δ
617 1080 692 1150 δὲ
719 1097 1095 1167 κτενισμοῖς
1120 1088 1374 1168 θῆλυς;
1409 1077 1558 1149 ἀλλ’
1593 1078 1953 1169 ἀμήχανον.

548 1190 816 1263 πολλοῖς
845 1180 911 1251 δ’
946 1179 1031 1252 ἂν
1061 1179 1286 1271 εὕροις
1317 1181 1730 1271 βοστρύχους
1757 1179 2173 1270 ὁμοπτέρους
2235 1199 2336 1253 530
2400 1186 2411 1195 '

548 1286 660 1353 καὶ
688 1283 777 1372 μὴ
808 1292 1097 1372 γεγῶσιν
1124 1290 1396 1372 αἵματος
1422 1281 1706 1370 ταύτοῦ,
1736 1287 1958 1374 γέρον.

316 1394 454 1454 ΠΡ.
547 1384 633 1453 σὺ
664 1383 729 1453 δ’
764 1393 857 1464 εἰς
884 1397 1066 1474 ίχνος
1092 1383 1246 1473 βᾶσ’
1282 1383 1578 1475 ἀρβύλης
1601 1388 1842 1468 σκέψαι
1873 1387 2092 1475 βάσιν,

550 1493 613 1556 εἰ
638 1486 1013 1576 σύμμετρος
1037 1495 1137 1578 σῷ
1165 1489 1326 1558 ποδὶ
1354 1489 1736 1578 γενήσεται,
1764 1491 2021 1558 τέκνον.

318 1596 465 1658 HA.
551 1595 690 1668 πῶς
717 1585 783 1657 δ’
818 1583 903 1658 ἂν
929 1586 1176 1677 γένοιτ’
1210 1585 1297 1659 ἄν
1324 1594 1399 1660 έν
1412 1594 1796 1684 κραταιλέῳ
1824 1595 2007 1682 πέδῳ

545 1698 740 1780 γαίας
766 1698 998 1762 ποδῶν
1026 1700 1431 1792 ἔκμακτρον,
1465 1701 1527 1764 εί
1551 1691 1616 1763 δ’
1651 1701 1834 1763 ἔστιν
1861 1693 2035 1779 τόδε,
2233 1712 2334 1764 535

550 1800 746 1866 δυοῖν
772 1792 1097 1884 ἀδελφοῖν
1124 1795 1294 1876 ποὺς
1329 1792 1414 1865 ἂν
1441 1793 1526 1866 ού
1555 1792 1803 1882 γένοιτ’
1838 1804 1978 1874 ἴσος

548 1896 792 1990 ἀνδρός
822 1927 894 1969 τε
925 1902 1037 1970 καὶ
1066 1899 1418 1989 γυναικός,
1447 1895 1594 1967 ἀλλ’
1628 1894 1842 1988 ἅρσην
1868 1913 2116 1986 κρατεῖ.

321 2009 457 2069 ΠΡ.
552 1998 678 2071 οὐκ
710 2008 925 2090 ἔστιν,
958 2010 1021 2073 εἰ
1043 2005 1155 2072 καὶ
1182 2010 1312 2090 γῆν
1339 2008 1734 2089 κασίγνητος
1761 1998 1986 2088 μόλοι,

545 2109 853 2191 κερκίδος
881 2102 1011 2197 ὅτῳ
1040 2111 1268 2192 γνοίης
1305 2099 1390 2171 ἂν
1423 2102 1934 2191 ἐξύφασμα-σῆς,

550 2208 623 2271 ἐν
658 2196 713 2295 ᾦ
740 2202 889 2274 ποτ’
924 2203 1135 2275 αὐτὸν
1164 2207 1481 2287 ἐξέκλεψα
1507 2202 1598 2292 μὴ
1626 2214 1904 2286 θανεῖνς
2235 2219 2339 2270 540

320 2311 464 2373 HA.
548 2302 673 2373 οὐκ
704 2303 912 2392 οἶσθ’,
938 2303 1246 2394 Ὀρέστης
1277 2302 1458 2393 ἡνίκ’
1491 2310 1794 2375 ἐκπίπτει
1822 2304 2093 2392 χθονός,

546 2408 709 2477 νέαν
735 2403 807 2494 μ’
844 2405 938 2476 ἔτ’
974 2398 1224 2491 οὖσαν,
1257 2415 1321 2477 εἰ
1343 2408 1420 2478 δὲ
1446 2406 1775 2497 κᾶκρεκον
1803 2409 2118 2491 πέπλους,

548 2515 688 2589 πῶς
716 2504 801 2578 ἂν
829 2507 966 2579 τότ’
1003 2506 1101 2579 (ὃν
1141 2526 1296 2589 παῖς
1321 2508 1534 2580 ταύτά
1569 2516 1706 2579 νῦν
1741 2517 1877 2597 ἔχοι
1909 2507 2094 2597 φάρη
2115 2559 2134 2594 ,

549 2618 611 2680 εί
636 2612 725 2699 μὴ
754 2608 1193 2696 ξυναύξοινθ’
1225 2616 1298 2680 οἰ
1319 2614 1556 2681 πέπλοι
1583 2617 1675 2704 τῷ
1702 2610 1990 2699 σώματι,

544 2710 696 2781 ἀλλ’
729 2711 771 2798 ἥ
801 2742 898 2794 τις
926 2712 1141 2783 αὐτοῦ
1169 2713 1386 2802 τάφον
1412 2716 1826 2802 ἐποικτείρας
1852 2714 2037 2794 ξένος
2225 2727 2336 2779 545

547 2811 859 2900 ἐκείρατ’,
889 2810 932 2902 ἢ
958 2820 1159 2902 τῆσδε
1186 2812 1482 2895 σκοποὺς
1507 2813 1745 2884 λαθών
1773 2813 2038 2902 χθονός.

317 2921 452 2981 ΠΡ.
546 2918 616 2981 οἱ
638 2914 713 2983 δὲ
732 2916 907 2995 ξένοι
936 2922 1103 2998 ποῦς
1132 2916 1460 3004 βούλομαι
1487 2914 1616 3005 γὰρ
1646 2914 1916 2986 εἰσιδών

546 3012 793 3096 αὐτοὺς
822 3020 1095 3107 ἐρέσθαι
1123 3025 1251 3087 σοῦ
1277 3015 1686 3106 κασιγνήτου
1716 3020 1886 3106 πέρι.

314 3124 463 3186 HA.
545 3112 674 3186 οἵδ’
709 3120 782 3186 ἐκ
811 3119 1038 3208 δόμων
1062 3127 1376 3208 βαίνουσι
1404 3126 1709 3212 λαιψηρῷ
1738 3123 1916 3189 ποδί.

312 3228 388 3289 Π
390 3226 453 3287 Ρ.
546 3215 693 3287 ἀλλ’
731 3217 1031 3308 εὐγενεῖς
1055 3224 1211 3310 μέν,
1242 3226 1318 3293 ἐν
1345 3223 1422 3292 δὲ
1445 3222 1742 3314 κιβδήλῳ
1767 3219 1920 3289 τόδε
1936 3241 1951 3255 ·
2223 3233 2330 3287 550

548 3324 784 3390 πολλοὶ
815 3320 941 3412 γὰρ
974 3319 1165 3403 ὅντες
1197 3322 1495 3413 εὐγενεῖς
1524 3330 1696 3394 εἰσιν
1721 3328 1939 3391 κακοί.

546 3419 723 3509 ὅμως
754 3423 830 3491 δὲ
855 3430 1115 3512 χαίρειν
1142 3424 1298 3504 τοὺς
1323 3429 1557 3506 ξένους
1584 3422 2037 3512 προσεννέπω.
