2492 3900
305 168 427 233 106

301 350 448 410 HE.

303 451 427 512 ΔΙ.

301 554 448 615 ΠΕ.

302 656 427 716 ΔΙ.

301 757 447 818 ΠΕ.

302 860 426 920 ΔΙ.

303 962 448 1022 ΠΕ.

303 1064 427 1126 ΔΙ.

304 1166 450 1225 ΠΕ.

306 1268 430 1330 ΔΙ.

305 1370 451 1429 HE.

306 1472 430 1531 AI.

305 1572 450 1632 ΠΕ.

306 1674 429 1735 ΔΙ.

305 1776 450 1835 ΠΕ.

305 1878 429 1937 ΔΙ.

306 1981 450 2042 ΠΕ.

306 2083 429 2142 ΔΙ.

308 2185 454 2244 ΠΕ.

307 2286 430 2346 ΔΙ.

307 2388 452 2447 HE.

308 2490 431 2550 AI.

304 2592 450 2652 HE.

305 2695 428 2754 AI.

304 2795 452 2855 HE.

307 2897 430 2957 AI.

307 2999 454 3060 HE.

304 3099 428 3161 AI.

305 3201 451 3261 HE.

303 3303 428 3363 AI.

303 3404 449 3465 ΠΕ.

305 3507 428 3566 ΔΙ.

1159 171 1489 229 ΒΑΚΧΑΙ

534 369 612 412 ευ
643 325 818 411 τοῦτ’
852 338 1431 429 ἐκιβδήλευσας,“
1400 338 1479 410 ιν’
1514 337 1801 410 ἀκοῦσαι
1830 344 2037 411 θέλω.
2218 360 2333 417 475

486 482 496 497 ι
535 441 851 533 ἀσέβειαν
879 438 1186 512 ἀσκοῦντ’
1222 438 1389 565 ὄργι’
1423 445 1727 532 ἐχθαίρει
1755 450 1948 513 θεοῦ.

532 544 654 615 τὸν
677 544 850 616 θεὸν
879 542 1050 629 ὁρᾶν
1075 543 1204 634 γὰρ
1238 530 1371 633 φῆς
1399 552 1664 633 σαφῶς,
1696 545 1887 627 ποῖός
1909 574 2007 629 τις
2036 537 2158 633 ἦν;

537 645 764 730 ὁποῖος
791 644 1012 735 ἤθελ’·
1055 642 1182 715 οὐκ
1212 643 1384 735 ἑγώ’
1382 645 1648 718 ’τασσον
1675 646 1848 717 τόδε.

532 746 703 820 τοῦτ’
738 740 828 820 αὖ
859 750 1365 838 παρωχέτευσας
1403 740 1515 837 εὖ,
1545 746 1795 818 κούδὲν
1823 752 2059 837 λέγων.

536 851 715 935 δόξει
743 879 843 933 τις
871 848 1128 945 ἀμαθεῖ
1148 849 1329 939 σοφὰ
1356 853 1575 939 λέγων
1602 849 1729 920 οὐκ
1761 842 1839 921 εὖ
1874 866 2180 941 φρονεῖν.
2215 868 2329 923 480

533 945 742 1042 ἦλθες
773 954 849 1024 δὲ
877 961 1109 1043 πρῶτα
1139 949 1319 1042 δεῦρ’
1354 950 1541 1039 ἄγων
1570 952 1689 1022 τὸν
1724 958 2046 1041 δαίμονας

533 1063 661 1137 πᾶς
689 1052 1084 1146 ἀναχορεύει
1110 1054 1476 1145 βαρβάρων
1502 1052 1651 1125 τάδ’
1686 1052 1902 1145 ὄργια.

530 1166 868 1247 φρονοῦσι
893 1157 1026 1248 γὰρ
1055 1158 1296 1227 κάκιον
1314 1153 1652 1246 Ἑλλήνων
1680 1158 1876 1227 πολύ.

537 1257 686 1330 τάδ’
723 1252 804 1330 εὖ
831 1288 909 1348 γε
943 1267 1230 1348 μᾶλλον·
1270 1264 1339 1328 οἰ
1363 1259 1559 1349 νόμοι
1592 1260 1669 1330 δὲ
1699 1259 2036 1350 διάφοροι.

531 1360 613 1430 τὰ
641 1359 710 1431 δ’
747 1361 893 1453 ἱερὰ
919 1361 1188 1452 νύκτωρ
1216 1357 1261 1451 ἢ
1287 1359 1434 1449 μεθ’
1466 1359 1723 1451 ἡμέραν
1760 1370 2003 1445 τελεῖς;
2216 1376 2323 1431 485

537 1463 806 1553 νύκτωρ
838 1464 919 1533 τὰ
948 1464 1162 1533 πολλά
1182 1486 1196 1501 ·
1236 1460 1575 1552 σεμνότητ’
1610 1472 1742 1551 ἔχει
1772 1462 2021 1545 σκότος.

532 1563 707 1634 τοῦτ’
743 1572 837 1645 εἰς
863 1580 1189 1653 γυναῖκας
1216 1565 1449 1637 δόλιόν
1477 1570 1615 1635 ἐστι
1642 1569 1755 1635 καὶ
1785 1565 2067 1655 σαθρόν.

537 1662 668 1736 κάν
694 1664 908 1759 ἡμέρα
936 1666 1011 1736 τό
1041 1664 1094 1756 γ’
1127 1666 1406 1756 αἰσχρὸν
1433 1668 1684 1758 ἐξεύροι
1710 1666 1819 1750 ’τις
1849 1665 1953 1737 ἅν.

535 1774 734 1856 δίκην
761 1790 835 1837 σε
865 1774 1108 1838 δοῦναι
1140 1773 1251 1838 δεῖ
1272 1770 1705 1859 σοφισμάτων
1732 1776 1983 1839 κακῶν.

537 1870 614 1941 σε
649 1867 716 1939 δ’
749 1868 1044 1960 ἀμαθίας
1072 1898 1149 1959 γε
1175 1868 1567 1961 κάσεβοῦντ’
1602 1878 1697 1953 εἰς
1727 1871 1848 1941 τὸν
1876 1871 2065 1940 θεόν.
2167 1942 2173 1947 ,
2212 1886 2319 1943 490

536 1970 626 2055 ὥς
654 1973 922 2065 θρασὺς
950 1969 986 2044 ὁ
1013 1973 1272 2062 Βάκχος
1300 1971 1471 2043 κούκ
1500 1972 1924 2063 ἀγύμναστος
1951 1970 2195 2060 λόγων.

543 2072 670 2163 εἴφ’
708 2073 746 2146 ὅ
776 2103 840 2145 τι
868 2087 1120 2146 παθεῖν
1147 2083 1282 2150 δεῖ·
1322 2083 1395 2145 τί
1414 2103 1497 2164 με
1524 2075 1598 2146 τὸ
1630 2074 1863 2147 δεινὸν
1890 2076 2189 2164 ἐργάσει;

541 2183 813 2267 πρῶτον
841 2178 966 2266 μὲν
994 2174 1208 2267 ἁβρὸν
1237 2178 1615 2269 βόστρυχον
1645 2187 1820 2268 τεμῶ
1850 2181 2074 2248 σέθεν.

541 2277 719 2366 ἱερὸς
746 2275 781 2347 ὁ
812 2279 1184 2369 πλόκαμος·
1223 2288 1317 2373 τῷ
1348 2288 1491 2374 θεῷ
1522 2278 1587 2350 δ’
1622 2279 1832 2351 αὐτὸν
1860 2281 2105 2370 τρέφω.

537 2386 766 2449 ἔπειτα
795 2379 1063 2470 θύρσον
1091 2382 1289 2452 τόνδε
1321 2383 1619 2473 παράδος
1648 2386 1720 2452 ἐκ
1747 2397 1989 2472 χεροῖν.
2211 2395 2314 2454 495

540 2479 740 2564 αὐτός
767 2479 828 2569 μ’
861 2479 1193 2573 ἀφαιροῦ·
1230 2484 1430 2555 τόνδε
1456 2485 1808 2554 Διονύσου
1844 2491 2055 2575 φορῶ.

534 2590 865 2675 εἱρκταῖσί
884 2582 934 2655 τ’
968 2592 1170 2657 ἔνδον
1196 2594 1387 2675 σῶμα
1415 2586 1539 2658 σὸν
1567 2588 1969 2677 φυλάξομεν.

535 2683 727 2757 λύσει
753 2685 812 2775 μ’
847 2685 882 2756 ὁ
913 2695 1173 2776 δαίμων
1201 2687 1425 2777 αὐτός,
1454 2685 1618 2760 ὅταν
1646 2688 1775 2779 ἐγώ
1804 2693 2007 2759 θέλω.

536 2785 700 2858 ὅταν
727 2815 806 2875 γε
833 2791 1116 2878 καλέσῃς
1143 2788 1355 2861 αὐτὸν
1388 2795 1463 2862 ἐν
1488 2791 1779 2880 Βάκχαις
1816 2795 2106 2871 σταθείς.

537 2890 652 2958 καὶ
677 2895 810 2958 νῦν
839 2885 883 2957 ἃ
909 2890 1138 2978 πάσχω
1169 2899 1455 2980 πλησίον
1480 2893 1719 2983 παρών
1748 2891 1893 2985 ὁρᾷ.
2212 2909 2315 2962 500

537 2993 651 3060 καὶ
679 2996 812 3060 ποῦ
831 2987 1048 3075 ”στιν;
1082 2990 1164 3062 οὐ
1194 2992 1323 3084 γὰρ
1353 2994 1648 3086 φανερὸς
1679 2994 1971 3085 ὄμμασίν
1996 2992 2053 3082 γ’
2088 2997 2285 3083 ἐμοῖς.

536 3090 686 3182 παρ’
719 3095 896 3194 ἐμοί·
954 3093 1040 3164 σὺ
1070 3093 1134 3165 δ’
1169 3093 1416 3185 ἀσεβὴς
1444 3096 1646 3179 αὐτὸς
1676 3093 1775 3168 α’)’ν
1805 3095 1931 3168 οὐκ
1962 3103 2245 3189 εἰσορᾷς.

533 3194 860 3282 λάζυσθε,
891 3214 1309 3288 καταφρονεῖ
1338 3226 1421 3288 με
1447 3203 1560 3270 καὶ
1592 3201 1821 3289 Θήβας
1848 3197 1985 3270 ὅδε.
2018 3209 2027 3218 ’

537 3293 730 3366 αὐδῶ
758 3323 840 3385 με
865 3297 956 3386 μὴ
985 3305 1132 3370 δεῖν
1161 3309 1542 3392 σωφρονῶν
1573 3300 1656 3372 οὐ
1686 3303 2056 3392 σώφροσιν.

528 3396 658 3486 ἐγώ
690 3399 766 3469 δὲ
795 3405 941 3470 δεῖν
967 3429 1046 3489 γε
1071 3403 1479 3495 κυριώτερος
1507 3406 1732 3474 σε’θεν.
2214 3419 2312 3471 505

537 3499 664 3570 οὐκ
693 3498 878 3571 οἶσθλ
900 3499 939 3572 ὅ
964 3530 1026 3572 τι
1057 3513 1167 3595 ζῇς
1195 3503 1349 3574 οὐδ’
1384 3502 1547 3599 ὁρᾷς
1574 3504 1672 3576 ἔθ’
1706 3503 1890 3588 ὅστις
1920 3505 1997 3574 εἷ.
