2492 3900
995 126 1407 184 ΙΚΕΤΙΔΕΣ
2076 122 2202 188 385

411 299 561 368 ἐπεὶ
589 292 652 366 δ’
690 292 919 383 ἀγῶνα
949 298 1062 365 καὶ
1091 293 1180 364 σὺ
1208 293 1397 364 τόνδ’
1428 292 1765 385 ἠγωνίσω,

414 394 616 469 ἄκου’
639 422 652 434 ·
687 394 972 486 ἅμιλλαν
999 395 1128 487 γὰρ
1156 394 1244 467 σύ
1274 397 1671 486 προύθηκας
1699 396 1939 487 λόγων.

411 498 624 571 οὐδὲν
649 499 992 593 τυράννου
1022 498 1555 590 δυσμενέστερον
1583 500 1794 588 πόλει,

413 597 590 671 ὅπου
616 599 692 671 τὸ
722 601 848 689 μὲν
877 600 1255 690 πρώτιστον
1283 599 1411 671 οὐκ
1442 604 1613 671 εἰσὶν
1643 598 1841 690 νόμοι
2099 618 2205 673 430

415 709 668 791 κοινοί,
700 718 936 791 κρατεῖ
956 699 1024 773 δ’
1057 698 1152 785 εἷς
1180 702 1299 774 τὸν
1322 705 1535 793 νόμον
1560 707 1962 795 κεκτημένος

413 801 621 885 αὐτὸς
645 802 806 894 παρ’
837 801 1059 897 αὐτῷ,
1092 808 1207 875 καὶ
1234 802 1381 875 τόδ’
1412 800 1640 877 οὐκέτ’
1673 804 1809 876 ἔστ’
1840 816 2012 877 ἴσον.

413 908 894 995 γεγραμμένων
921 908 998 977 δὲ
1028 914 1165 977 τῶν
1191 908 1421 995 νόμων
1446 902 1488 979 ὅ
1512 906 1572 977 τ’
1606 905 1901 995 ἀσθενὴς

410 1004 450 1077 ὁ
479 1007 793 1088 πλούσιός
819 1033 890 1077 τε
914 1006 1040 1096 τὴν
1068 1014 1268 1098 δίκην
1300 1018 1454 1097 ἴσην
1481 1015 1635 1098 ἔχει,
2101 1024 2207 1081 434

413 1114 571 1199 νικᾷ
599 1105 663 1177 δ’
697 1105 733 1178 ὁ
760 1115 972 1197 μείων
999 1108 1120 1180 τὸν
1143 1114 1358 1200 μέγαν
1386 1110 1595 1181 δίκαι’
1627 1118 1817 1199 ἔχων.

412 1206 873 1300 τούλεύθερον
905 1209 971 1281 δ’
1005 1213 1257 1282 ἐκεῖνο·
1319 1220 1418 1294 τίς
1447 1216 1636 1284 θέλει
1664 1214 1856 1283 πόλει

411 1311 701 1400 χρηστόν
728 1340 792 1382 τι
819 1312 1145 1402 βούλευμ’
1181 1320 1277 1395 είς
1303 1317 1511 1403 μέσον
1539 1317 1775 1405 φέρειν
1804 1322 2008 1403 ἔχων,

410 1416 522 1483 καὶ
547 1412 740 1483 ταῦθ’
775 1411 812 1484 ὁ
840 1415 1102 1505 χρῄζων
1129 1416 1430 1505 λαμπρός
1456 1413 1622 1504 ἐσθ’,
1650 1413 1689 1486 ὁ
1716 1414 1807 1505 μὴ
1836 1419 2066 1486 θέλων
2096 1434 2201 1486 440

413 1522 589 1606 σιγᾷ.
643 1522 717 1585 τί
736 1515 997 1587 τούτων
1025 1513 1160 1587 ἔστ’
1197 1524 1535 1608 ἰσαίτερον
1564 1518 1791 1602 πόλεις

409 1618 523 1686 καὶ
550 1616 686 1706 μὴν
713 1613 887 1689 ὅπου
913 1646 992 1704 γε
1020 1625 1227 1707 δῆμος
1258 1615 1596 1707 αὐθέντης
1622 1621 1891 1707 χθονός,

408 1713 703 1788 ὑποῦσιν
729 1716 952 1801 ἀστοῖς
977 1716 1210 1808 ἥδεται
1235 1726 1537 1801 νεανίαις
1554 1744 1569 1759 ·

408 1815 578 1907 ἀνὴρ
611 1818 687 1889 δὲ
713 1819 1030 1908 βασιλεὺς
1061 1817 1338 1907 [ἐχθρὸν
1371 1819 1626 1909 ἡγεῖται
1660 1820 1816 1889 τόδε.

405 1922 522 1990 καὶ
547 1917 707 2001 τούς
735 1916 1076 2012 ἀρίστους]
1114 1951 1235 2005 ους
1271 1953 1358 1994 αν
1390 1924 1626 2015 ἡγῆται
1658 1940 1942 2016 φρονεῖν
2093 1940 2196 1998 446

403 2028 688 2110 κτείνει,
719 2021 1042 2103 δεδοικώς
1068 2030 1182 2112 τῆς
1211 2031 1614 2114 τυραννίδος
1640 2027 1813 2115 πέρι.

407 2131 548 2204 πῶς
580 2151 707 2193 ουν
737 2122 830 2194 ἔτ’
865 2153 953 2193 αν
979 2121 1228 2212 γένοιτ’
1262 2120 1347 2208 (ἲν
1376 2123 1617 2218 ἰσχυρὰ
1645 2127 1857 2215 πόλις,

409 2253 573 2294 οταν
601 2253 698 2307 τις
728 2252 817 2306 ως
847 2233 1172 2314 λειμῶνος
1199 2223 1447 2316 ἠρινοῦ
1476 2228 1730 2316 στάχυν

404 2327 649 2415 τόλμας
676 2324 934 2418 ἀφαιρῇ
962 2325 1379 2420 κάπολωτίζῃ
1405 2333 1639 2413 νέους;

405 2436 692 2498 κτᾶσθαι
719 2429 796 2499 δὲ
823 2437 1118 2499 πλοῦτον
1144 2431 1261 2498 καὶ
1287 2439 1444 2519 βίον
1468 2439 1540 2500 τί
1564 2437 1674 2502 δεῖ
1694 2436 1973 2520 τέκνοις,
2088 2449 2196 2504 450

406 2527 494 2610 ὥς
522 2537 615 2623 τῷ
642 2530 954 2624 τυράννῳ
982 2527 1240 2601 πλείον’
1274 2535 1573 2623 ἐκμοχθῇ
1599 2539 1788 2621 βίους

401 2628 445 2718 ἢ
473 2631 930 2720 παρθενεύειν
956 2638 1199 2713 παῖδας
1227 2636 1303 2702 ἐν
1331 2633 1562 2721 δόμοις
1588 2642 1808 2715 καλῶς

403 2731 692 2822 τερπνὰς
717 2732 1073 2823 τυράννοις
1100 2730 1386 2823 ἡδονάς,
1414 2730 1578 2804 ὅταν
1610 2737 1804 2825 θέλῃ,

406 2835 669 2923 δάκρυα
701 2832 767 2904 δ’
801 2835 1255 2923 ἕτοιμάζουσις
1282 2834 1373 2924 μὴ
1403 2837 1578 2930 ζῴην
1606 2843 1723 2924 ἔτι,

407 2942 470 3005 εἰ
492 2933 665 3024 τάμὰ
694 2939 894 3008 τέκνα
926 2937 1093 3026 πρὸς
1118 2945 1281 3026 βίαν
1294 2939 1735 3027 νυμφεύεται.
2085 2957 2189 3011 455

406 3040 519 3108 καὶ
545 3044 756 3107 ταῦτα
782 3039 907 3126 μὲν
936 3037 1020 3126 δὴ
1051 3036 1220 3129 πρὸς
1245 3037 1395 3108 τάδ’
1432 3041 1838 3128 ἐξηκόντισα.

403 3135 589 3226 ἥκεις
616 3138 693 3208 δὲ
723 3138 804 3228 δὴ
836 3146 908 3209 τί
929 3144 1132 3228 τῆσδε
1158 3147 1282 3230 γῆς
1308 3145 1747 3266 κεχρημένος;

402 3248 658 3311 κλαίων
685 3237 752 3327 γ’
784 3235 869 3310 ἂν
897 3232 1136 3330 ἦλθες,
1167 3253 1237 3312 εἴ
1258 3263 1335 3311 σε
1359 3240 1451 3330 μὴ
1487 3241 1788 3331 ’πεμψεν
1815 3243 2025 3330 πόλις,

175 3361 302 3372 -—--

405 3397 555 3455 ἔστιν
589 3398 648 3456 δ’
685 3399 937 3458 ἐνισπεῖν
973 3422 1061 3457 τοι
1045 3409 1157 3459 σιν
1162 3399 1660 3489 ασθενεστέροις
2078 3409 2189 3460 435

400 3465 503 3524 τὸν
537 3465 884 3541 ευτυχοῦντα
919 3467 1114 3539 ταυθζ
1154 3493 1294 3528 οταν
1323 3471 1465 3546 κλύῃ
1503 3492 1706 3536 κακως.

339 3561 520 3605 nvmp.
566 3565 690 3606 νοτ,
734 3552 776 3606 1.
1771 3543 1853 3606 25
