2492 3900
171 634 314 695 ΘΕ.

175 1041 325 1102 ΑΛ.

179 1451 320 1512 ΘΕ.

174 1551 326 1614 ΑΛ.

177 1655 322 1715 ΘΕ.

171 1757 327 1817 ΑΛ.

176 1859 322 1920 ΘΕ.

174 1962 332 2024 ΑΛ.

173 2166 324 2228 ΘΕ.

941 147 1486 205 ΗΡΑΚΛΕΙΔΑΙ

410 315 763 406 ἆνεμόεντι
795 317 856 387 δ’
893 317 998 386 ἐπ’
1036 314 1222 405 ὄχθῳ

412 418 842 508 ὀλολύγματα
871 425 1269 505 παννυχίοις
1298 414 1434 488 ὑπὸ
1464 444 1639 508 παρ-

407 525 639 592 θένων
666 528 840 609 ἰαχεῖ
864 526 1094 590 ποδῶν
1122 519 1484 610 κρότοισιν.

405 627 761 712 δέσποινα,
789 622 1056 710 μύθους
1087 630 1200 692 σοί
1219 649 1290 692 τε
1320 628 1717 704 καλλίστους
1746 624 1932 714 φέρω

410 726 644 796 κλύειν
673 729 826 813 ἐμοί
847 753 919 796 τε
950 724 1506 809 συντομωτάτους
1539 727 1777 806 λέγειν.

411 836 706 916 νικῶμεν
737 825 1025 919 ἐχθροὺς
1053 829 1165 897 καὶ
1187 824 1452 916 τροπαῖ’
1490 827 1793 917 ἱδρύεται

413 937 824 1017 παντευχίαν
856 937 1090 1016 ἔχοντα
1123 937 1465 1018 πολεμίων
1496 932 1723 1000 σέθεν.

407 1023 461 1102 ὦ
494 1029 803 1120 φίλταθ’,
834 1029 955 1120 ἥδε
987 1029 1053 1100 σ’
1090 1029 1304 1122 ἡμέρα
1332 1031 1652 1120 διήλασεν

411 1132 933 1224 ἠλευθερῶσθαι
961 1140 1183 1203 τοῖσδε
1211 1150 1350 1215 τοῖς
1378 1132 1807 1223 ἀγγέλμασιν.

413 1244 568 1325 μιᾶς
597 1238 677 1306 δέ
698 1233 770 1324 μ’
803 1232 994 1306 οὔπω
1023 1244 1381 1327 συμφορᾶς
1408 1240 1830 1323 έλευθεροτς·

416 1339 630 1429 φόβος
657 1336 784 1428 γὰρ
818 1349 886 1409 εἴ
905 1366 1015 1426 μοι
1044 1347 1246 1422 ζῶσιν
1275 1335 1395 1420 οὕς
1424 1337 1553 1426 ε’γώ
1587 1340 1791 1407 θέλω.

411 1447 614 1525 ζῶσιν
639 1440 953 1530 μέγιστόν
981 1437 1035 1528 γ’
1071 1438 1369 1521 εὐκλεεῖς
1397 1438 1563 1510 κατὰ
1592 1441 1897 1530 στρατόν.

414 1541 449 1612 ὁ
479 1543 604 1632 μὲν
632 1545 851 1633 γέρων
881 1533 1010 1611 οὖν
1039 1549 1224 1612 ἔστιν
1253 1540 1504 1623 Ἰόλεως
1540 1549 1672 1626 ἔτι;

411 1646 726 1733 μάλιστα·
761 1645 1012 1735 πράξας
1040 1642 1105 1714 δ’
1141 1648 1214 1714 ἐκ
1245 1653 1432 1715 θεῶν
1460 1645 1779 1732 κάλλιστα
1813 1643 1897 1731 δὴ

411 1755 482 1817 τί
504 1745 570 1816 δ’
605 1755 780 1830 ἔστι,
811 1754 960 1834 μῶν
991 1775 1053 1816 τι
1082 1745 1329 1816 κεδνὸν
1356 1745 1751 1835 ἠγωνίζετος

408 1854 559 1930 νέος
587 1845 947 1937 μεθέστηκ’
981 1852 1054 1918 ἐκ
1084 1852 1399 1939 γέροντος
1430 1840 1636 1930 αὖθις
1662 1840 1771 1917 αὖ.

415 1948 754 2041 θαυμάστ’
789 1955 1040 2034 ἔλεξας·
1073 1949 1242 2021 άλλά
1274 1949 1335 2020 σ’
1375 1948 1620 2038 εὐτυχῆ
1651 1955 1831 2019 θέλω

417 2054 626 2143 μάχης
653 2052 883 2144 ἀγῶνα
911 2060 1180 2144 πρῶτον
1209 2052 1512 2142 ἀγγεῖλαι
1541 2060 1783 2141 φίλων.

419 2152 512 2237 εἷς
539 2184 672 2245 μου
700 2157 897 2243 λόγος
925 2176 1031 2226 σοι
1059 2156 1279 2226 πάντα
1304 2171 1592 2245 σημανεῖ
1614 2154 1793 2223 τάδε.

423 2260 567 2329 ἐπεὶ
595 2258 722 2349 γὰρ
753 2256 1144 2345 ἀλλήλοισιν
1173 2254 1456 2347 ὁπλίτην
1486 2255 1774 2346 στρατὸν

419 2358 586 2431 κατὰ
615 2358 805 2449 στόμ’
841 2364 1248 2441 ἐκτείνοντες
1276 2358 1743 2447 ἆντετάξαμεν,

421 2462 620 2552 ἐκβὰς
649 2468 1048 2554 τεθρίππων
1068 2460 1305 2543 ‘'Tuos-
1331 2460 1647 2553 ἁρμάτων
1679 2462 1854 2531 πόδα

423 2574 573 2654 ἔστη
601 2569 901 2654 μέσοισιν
930 2567 1004 2634 έν
1031 2572 1442 2653 μεταιχμίοις
1470 2564 1689 2655 δορός.

337 2705 354 2713 -
421 2665 679 2737 κᾶπειτ’
717 2670 970 2750 ἔλεξεν·
1003 2659 1058 2737 ὦ
1089 2664 1403 2757 στρατήγ’
1438 2663 1511 2748 ὂς
1536 2663 1865 2755 ’Λργόθεν

420 2768 637 2858 ἥκεις,
667 2778 738 2839 τί
759 2770 960 2858 τήνδε
991 2785 1190 2858 γαῖαν
1217 2766 1343 2840 οὐκ
1375 2768 1728 2856 εἰάσαμεν,

422 2874 533 2941 καὶ
563 2871 678 2953 τὰς
699 2870 1032 2959 Μυκήνας
1064 2870 1269 2943 οὐδὲν
1296 2871 1561 2960 ἐργάσει
1589 2867 1801 2941 κακὸν

424 2972 670 3064 ἀνδρὸς
699 2974 1018 3063 στερήσας
1036 2997 1050 3013 ·
1081 2972 1229 3044 ἀλλ’
1264 2977 1410 3061 ἐμοὶ
1438 2975 1642 3061 μόνος
1668 2969 1855 3063 μόνω

420 3076 640 3165 μάχην
672 3077 1012 3164 συνάψας,
1040 3072 1084 3165 ἦ
1113 3075 1381 3147 κτανών
1410 3074 1581 3165 ἄγου
1609 3072 1840 3163 λαβὼν

422 3176 580 3259 τοὺς
606 3176 1038 3267 Ἡρακλείους
1065 3185 1307 3260 παῖδας
1334 3175 1380 3267 ἦ
1408 3176 1647 3248 θανὼν
1675 3177 1820 3265 ἐμοὶ

423 3279 616 3369 τιμὰς
643 3280 993 3375 πατρῴους
1021 3284 1130 3351 καὶ
1164 3282 1415 3370 δόμους
1446 3288 1621 3370 ἔχειν
1648 3276 1836 3367 ἄφες.

426 3383 704 3473 στρατὸς
733 3382 798 3453 δ’
833 3381 1128 3474 ἐπῄνεσ’,
1162 3394 1257 3465 είς
1284 3382 1342 3453 τ’
1376 3382 1765 3469 ἀπαλλαγὰς
1795 3377 2028 3449 πόνων

427 3495 646 3568 καλῶς
673 3489 985 3575 λελέχθαι
1014 3493 1243 3575 μῦθον
1276 3496 1369 3567 εἷς
1396 3482 1458 3556 τ’
1497 3482 1848 3569 εὐψυχίαν.

2066 146 2193 212 313

2096 741 2201 800 785

2103 1253 2206 1309 790

2106 1761 2209 1817 795

2105 2779 2210 2834 805

2107 3290 2209 3347 810
