2492 3900
284 149 367 211 34

287 535 438 596 AA.

289 841 437 903 AA.

300 2475 444 2536 AA.

1075 149 1135 203 A
1142 145 1521 203 ΛΚΗΣΤΙΣ

523 316 698 407 ὅμως
741 319 816 386 δὲ
877 325 1022 384 ΑΔ.
1059 321 1192 402 φεῦ
1223 319 1377 401 φεῦ.
1440 319 1583 379 ΧΟ.
1628 308 1815 379 τλᾶθ’
1838 333 1851 347 ·
1883 308 1966 379 οὐ
1996 309 2084 380 σύ
2115 323 2322 401 πρῶ..

1199 443 1311 494 τος
1351 409 1603 493 ὤλεσας

522 523 601 592 ἰώ
627 530 747 610 μοί
766 550 897 609 μοι.
967 527 1109 588 ΧΟ.
1198 530 1523 607 γυναῖκα·
1566 513 1883 603 συμφορὰ
1923 510 1988 582 δ’
2037 516 2319 604 ἑτέρους

1207 620 1400 707 ἑτέρα

522 729 727 809 πιέζει
756 739 1043 813 φανεῖσα
1069 729 1366 793 θνατῶν.

521 821 576 897 οἶ
603 826 825 916 μακρὰ
852 828 1071 914 πένθη
1101 830 1316 893 λῦπαί
1338 850 1407 892 τε
1436 829 1658 911 φίλων

525 937 662 1001 τῶν
690 926 823 998 ὑπὸ
852 942 1076 1018 γαῖαν.

521 1041 592 1103 τί
613 1029 671 1121 μ’
711 1031 1049 1109 ἐκώλυσας
1078 1031 1269 1116 ῥῖψαι
1300 1027 1560 1113 τύμβου

525 1136 786 1223 τάφρον
819 1140 911 1214 εἰς
941 1139 1179 1218 κοίλην
1207 1131 1321 1197 καὶ
1349 1124 1480 1215 μετ’
1516 1130 1775 1213 ἐκείνης

519 1245 634 1325 τῆς
665 1232 803 1324 μέγ’
839 1232 1110 1323 ἀρίστης
1135 1241 1406 1301 κεῖσθαι
1440 1235 1818 1317 φθι’μενον;

524 1340 648 1408 δύο
679 1336 743 1407 δ’
781 1335 931 1406 ἀντὶ
961 1330 1356 1423 μιᾶςἍιδης
1385 1330 1603 1419 ψυχὰς

523 1440 637 1520 τὰς
666 1439 1056 1518 πιστοτάτας
1086 1433 1216 1505 σὺν
1245 1430 1330 1504 ἂν
1366 1442 1590 1523 ἔσχεν,
1622 1430 1792 1521 ὁμοῦ

521 1550 811 1631 χθονίαν
842 1548 1087 1628 λίμνην
1116 1538 1455 1625 διαβάντε.

422 1701 434 1715 .
522 1650 672 1733 ἐμοί
693 1672 789 1724 τις
815 1634 902 1730 ἦν

526 1751 600 1817 ἐν
627 1750 842 1835 γένει,
874 1734 928 1836 ᾦ
956 1743 1154 1832 κόρος
1189 1738 1595 1829 ἆξιόθρηνος

527 1845 722 1917 ὤλετ’
759 1851 833 1916 ἐν
862 1846 1169 1934 δόμοισιν

523 1953 878 2041 μονόπαις·
923 1944 1058 2017 ἀλλ’
1097 1953 1305 2035 ἔμπας

527 2063 728 2145 ἔφερε
756 2050 968 2122 κακὸν
997 2048 1174 2137 ἅλις,
1204 2044 1480 2130 ἄτεκνος
1512 2042 1630 2133 ὤν,

527 2154 762 2234 πολιὰς
791 2157 897 2224 ἐπὶ
924 2160 1151 2240 χαίτας

525 2257 657 2347 ἤδη
687 2255 1021 2346 προπετὴς
1051 2249 1148 2321 div

525 2360 759 2448 βιότου
785 2386 856 2428 τε
883 2357 1131 2444 πόρσω.

529 2455 582 2531 ὦ
611 2468 825 2549 σχῆμα
856 2459 1120 2547 δόμων,
1152 2463 1293 2532 πῶς
1321 2456 1642 2536 εἰσέλθω;

530 2571 670 2645 πῶς
698 2561 762 2633 δ’
798 2562 1045 2649 οἰκήσω
1075 2563 1601 2648 μεταπίπτοντος

529 2675 878 2756 δαίμονος;
912 2674 1107 2752 οἴμοι.
1165 2658 1340 2730 πολὺ
1368 2657 1497 2746 γάρ
1528 2655 1601 2727 τὸ
1632 2659 1864 2745 μέσον·

526 2771 674 2838 τότε
701 2768 825 2856 μὲν
851 2766 1130 2844 πεύκαις
1157 2761 1288 2832 σὺν
1314 2760 1651 2847 Πηλιάσιν

529 2869 661 2941 σύν
716 2867 779 2938 θ’
815 2864 1164 2956 ὑμεναίοις
1195 2871 1489 2950 ἕστειχον
1521 2869 1671 2950 ἔσω,

533 2979 760 3062 φιλίας
789 2967 1036 3057 ἀλόχου
1062 2971 1220 3056 χέρα
1251 2965 1622 3054 βαστάζων·

533 3074 947 3161 πολυάχητος
983 3068 1048 3141 δ’
1085 3076 1304 3140 εἵπετο
1332 3073 1571 3154 κῶμος.

531 3179 654 3265 τήν
678 3204 748 3246 τε
776 3181 1133 3244 θανοῦσαν
1161 3168 1305 3259 κάμ’
1348 3167 1652 3256 ὀλβίζων,

537 3276 625 3360 ὥς
657 3277 1053 3366 εὐπατρίδαι
1085 3277 1199 3344 καὶ
1229 3269 1333 3341 ἀπ’
1375 3268 1773 3360 ἀμφοτέρων

535 3378 724 3463 ὄντες
752 3378 1078 3469 ἀριστέων
1110 3377 1390 3463 σύζυγες
1438 3373 1632 3461 ἦμεν.

986 3497 1089 3552 903
1106 3522 1181 3530 -
1201 3495 1400 3549 910:
1412 3489 1517 3546 926
1534 3516 1608 3526 -
1626 3489 1729 3544 934

2202 836 2313 890 895

2199 1345 2311 1399 900

2058 1658 2197 1727 στρ.

2204 2370 2308 2423 910

2207 2775 2309 2830 915

2211 3284 2316 3337 920
