2492 3900
50 416 52 507 ἱ
149 452 266 512 ΘΕ.

141 654 267 715 ΗΡ.

137 1169 264 1229 ΗΡ.

140 1268 262 1329 ΘΕ.

136 1369 265 1429 ΗΡ.

40 1480 43 1529 ἓ
136 1468 260 1529 ΘΕ.

40 1582 46 1589 “
131 1569 262 1631 ΗΡ.

37 1662 42 1781 1
135 1672 261 1731 ΘΕ.
345 1659 429 1731 οὐ
458 1661 585 1749 γάρ
613 1690 676 1731 τι
709 1657 1065 1747 κωμάζοντ’
1105 1656 1190 1729 ἄν
1225 1657 1537 1749 ἠχθόμην
1564 1658 1628 1729 σ’
1663 1656 1863 1750 ὁρῶν.
2034 1671 2133 1728 815

134 1761 290 1849 [ΗΡ.

134 1872 259 1933 ΘΕ.

130 2292 254 2352 ΗΡ.

953 167 1406 226 ΑΛΚΗΣΤΙΣ
2058 165 2137 231 81

358 337 442 411 οὐ
471 347 618 428 βίος
645 335 921 426 άληθῶς
948 334 984 407 ὃ
1013 345 1190 425 βίος,
1221 334 1391 406 ἀλλὰ
1419 339 1761 426 συμφορά.

351 440 810 529 ἐπιστάμεσθα
837 447 1045 510 ταῦτα
1062 462 1077 477 ·
1113 446 1246 508 νῦν
1275 440 1351 509 δὲ
1380 440 1764 529 πράσσομεν

357 541 483 630 οὐχ
510 538 620 613 οἷα
646 542 877 630 κωμου
913 544 1026 611 καὶ
1051 542 1338 629 γέλωτος
1367 538 1534 624 ἄξια.

352 643 528 734 γυνὴ
557 655 844 733 θυραῖος
871 641 913 732 ἡ
942 651 1287 714 θανοῦσα·
1317 642 1407 731 μὴ
1441 650 1594 713 λίαν
2039 659 2141 715 805

358 750 633 817 πένθει·
665 746 896 833 δόμων
923 744 1052 836 γὰρ
1081 753 1241 828 ζῶσι
1268 750 1485 815 τῶνδε
1515 745 1853 816 δεσπόται.

46 932 48 937 ,
143 858 264 919 ΘΕ.
345 858 419 919 τί
441 855 678 932 ζῶσινς
708 845 791 917 οὐ
820 847 1150 917 κάτοισθα
1175 844 1303 917 τάν
1332 848 1564 935 δόμοις
1590 846 1797 930 κακά;

44 990 48 1017 .·
139 960 266 1021 ΗΡ.

44 1060 47 1077 ’
142 1064 264 1123 ΘΕ.

356 959 419 1021 εί
440 950 531 1039 μή
557 979 620 1020 τι
647 950 760 1031 σός
787 976 870 1037 με
899 950 1224 1037 δεσπότης
1252 950 1602 1030 ἐψεύσατο.

350 1051 524 1140 ἄγαν
549 1052 804 1132 ἐκεῖνός
829 1049 953 1123 ἐστ’
991 1049 1166 1141 ἄγαν
1194 1052 1561 1141 φιλόξενος.
2049 1088 2149 1139 809

349 1163 502 1245 μῶν
535 1156 886 1246 ξυμφοράν
917 1154 1046 1226 τιν’
1086 1151 1303 1229 οὖσαν
1338 1154 1465 1227 οὐκ
1500 1158 1743 1247 ἔφραζέ
1770 1185 1916 1246 μοις
2047 1176 2145 1229 812

353 1264 611 1345 χαίρων
647 1251 750 1326 ἴθ’
771 1274 786 1291 ·
824 1254 990 1344 ἡμῖν
1025 1262 1367 1328 δεσποτῶν
1401 1260 1582 1347 μέλει
1616 1259 1805 1328 κακά.
2046 1276 2145 1328 813

355 1352 437 1427 οὐ
455 1363 624 1445 χρῆν
639 1354 717 1444 μ’
739 1355 1016 1427 ὀθνείον
1036 1353 1106 1444 γ’
1121 1352 1309 1429 εἵνεκ’
1325 1351 1404 1428 εὖ
1424 1359 1701 1446 πάσχειν
1719 1366 1998 1448 νεκροῦς
2044 1377 2145 1430 810

351 1448 392 1543 ἦ
429 1457 634 1546 κάρτα
667 1460 890 1545 μέντοι
923 1458 1036 1525 καὶ
1069 1466 1224 1528 λίαν
1256 1465 1499 1541 οἰκεῖος
1533 1452 1638 1547 ἦν.
2045 1478 2137 1530 811

350 1556 454 1628 ὅδ’
487 1556 570 1628 οὐ
595 1566 912 1648 θυραίων
939 1557 1261 1645 πημάτων
1288 1554 1476 1647 ἄρχει
1510 1557 1726 1646 λόγος.

349 1760 485 1832 ἀλλ’
523 1754 566 1850 ἦ
598 1766 911 1833 πέπονθα
941 1759 1102 1832 δείν’
1137 1759 1271 1833 ὑπὸ
1300 1764 1513 1844 ξένων
1540 1766 1753 1850 ἐμῶνς

348 1862 476 1934 οὐκ
508 1856 715 1953 ἦλθες
745 1867 818 1934 ἐν
845 1867 1066 1935 δέοντι
1093 1868 1415 1947 δέξασθαι
1445 1865 1695 1953 δόμοις.

349 1974 602 2050 πένθος
648 1967 777 2056 γὰρ
805 1965 968 2056 ἡμῖν
997 1972 1152 2036 ἐστι·
1183 1968 1297 2036 καὶ
1323 1965 1582 2052 κουρὰν
1609 1969 1876 2054 βλέπεις

350 2071 869 2157 μελαμπέπλους
905 2069 1236 2157 στολμούς
1277 2095 1369 2139 τε.
1450 2076 1595 2138 ΗΡ.
1640 2075 1739 2150 τίς
1779 2065 1844 2138 δ’
1892 2063 1927 2137 ὁ
1972 2096 2131 2137 κατ-

1033 2165 1341 2260 θανώνς]

351 2280 502 2362 μῶν
526 2268 570 2362 ἦ
597 2276 854 2343 τέκνων
880 2300 942 2342 τι
971 2279 1282 2362 φροῦδον
1310 2269 1354 2362 ἦ
1380 2272 1595 2363 πατὴρ
1624 2275 1877 2362 γέρων;
2030 2287 2133 2340 820

132 2383 257 2443 ΘΕ.
341 2373 516 2462 γυνὴ
544 2375 669 2463 μὲν
699 2367 830 2445 οὖν
855 2371 1112 2446 ὄλωλεν
1131 2373 1500 2463 Ἀδμήτου,
1530 2379 1694 2458 ξένε.

129 2485 259 2545 ΗΡ.
343 2485 415 2546 τί
437 2477 604 2566 φής;
634 2484 861 2548 ἔπειτα
890 2478 1058 2566 δῆτά
1086 2474 1145 2565 μ’
1182 2481 1532 2560 ἐξενίζετες

130 2586 256 2648 ΘΕ.
337 2577 566 2668 ᾐδεῖτο
592 2579 721 2668 γάρ
751 2601 827 2648 σε
859 2577 1060 2648 τῶνδ’
1097 2577 1499 2648 ἀπώσασθαι
1528 2575 1774 2665 δόμων.

131 2791 258 2851 ΘΕ.

129 2891 258 2952 ΗΡ.

530 2683 546 2708 Ι
640 2679 657 2706 2
753 2686 785 2710 η
891 2679 926 2703 Ν

347 2781 798 2871 ἀπωλόμεσθα
826 2781 1104 2871 πάντες,
1136 2781 1219 2853 οὐ
1249 2789 1441 2871 κείνη
1469 2782 1662 2870 μόνη.
2027 2797 2130 2850 825

345 2881 482 2954 ἀλλ’
513 2882 830 2975 ᾐσθόμην
854 2887 979 2974 μὲν
1005 2882 1151 2974 ὄμμ’
1189 2885 1357 2955 ἰδών
1386 2891 1861 2975 δακρυρροοῦν

352 2987 611 3076 κουράν
638 3015 710 3058 τε
745 2990 858 3057 καὶ
895 2989 1293 3077 πρόσωπον·
1342 2985 1478 3056 ἀλλ’
1514 2989 1752 3057 ἔπειθέ
1778 3014 1861 3074 με

350 3092 567 3176 λέγων
594 3101 891 3179 θυραῖον
918 3095 1121 3178 κῆδος
1150 3096 1244 3169 είς
1272 3090 1489 3177 τάφον
1518 3092 1774 3180 φέρειν.

350 3198 468 3283 βίᾳ
501 3192 578 3261 δὲ
605 3200 841 3280 θυμοῦ
868 3189 1058 3261 τάσδ’
1099 3187 1506 3282 ὑπερβαλών
1535 3191 1751 3272 πύλας

353 3299 589 3363 ἔπινον
618 3291 868 3383 ἀνδρὸς
896 3297 971 3364 ἐν
999 3297 1359 3382 φιλοξένου
1388 3293 1616 3382 δόμοις
2027 3305 2133 3360 830

351 3389 764 3484 πράσσοντος
791 3392 991 3467 οὕτω.
1048 3387 1217 3489 κᾷτα
1244 3398 1522 3484 κωμάζω
1550 3395 1722 3485 κάρα

351 3499 710 3585 στεφάνοις
739 3506 1150 3582 πυκασθείς;
1189 3495 1359 3568 ἀλλὰ
1386 3503 1513 3566 σοῦ
1541 3494 1615 3566 τὸ
1648 3493 1739 3584 μὴ
1769 3493 2045 3584 φράσαι,
