2492 3900
0 20 457 220 ’-
920 168 1477 229 ΛΝΔΡΟΜΑΧΗ
2098 168 2183 232 65

393 342 510 413 καὶ
535 345 668 409 νῦν
695 364 776 426 με
805 342 1041 425 βωμοῦ
1074 336 1382 422 Θέτιδος,
1419 330 1463 422 ἢ
1491 333 1610 404 τὸν
1640 334 1886 425 εὐγενῆ
2085 356 2183 413 565

398 442 616 513 ἔτικτέ
637 460 744 509 σοι
775 435 989 524 παῖδ’,
1019 432 1107 524 ἢν
1133 434 1221 505 σύ
1251 434 1656 525 θαυμαστὴν
1683 440 1923 527 σέβεις,

398 538 634 633 ἄγουσ’
670 538 1210 625 ἀποσπάσαντες,
1246 534 1405 608 οὔτε
1431 566 1525 631 τῳ
1552 546 1710 630 δίκῃ

397 652 748 737 κρίναντες
785 642 940 711 οὔτε
966 638 1126 722 τοὺς
1153 637 1449 721 ἀπόντας
1478 644 1551 710 ἐκ
1578 641 1809 730 δόμων

395 754 781 837 μείναντες,
815 741 986 813 ἀλλὰ
1013 742 1138 831 τὴν
1163 742 1332 831 ἐμὴν
1362 746 1646 833 ἐρημίαν

396 847 671 939 γνόντες
696 849 938 917 τέκνου
966 873 1038 915 τε
1067 842 1256 915 τοῦδ’
1278 897 1299 933 ,
1333 841 1415 915 ὃν
1444 843 1651 916 οὐδὲν
1680 857 1897 917 αἴτιον
2081 863 2183 920 570

394 952 712 1039 μέλλουσι
741 947 872 1019 σὺν
901 951 1047 1037 ἐμοὶ
1073 956 1154 1038 τῇ
1182 947 1585 1039 ταλαιπώρῳ
1613 964 1904 1019 κτανεῖν.

399 1048 548 1123 ἀλλ’
584 1048 865 1135 ἀντιάζω
894 1048 959 1119 σ’
981 1103 1000 1138 ,
1035 1040 1090 1118 ῶ
1114 1052 1351 1138 γέρον,
1385 1054 1523 1119 τῶν
1550 1058 1693 1119 σῶν
1725 1052 1935 1141 πάρος

399 1161 726 1224 πίτνουσα
754 1149 1092 1240 γονάτων,
1119 1153 1294 1240 χειρὶ
1322 1148 1388 1221 δ’
1427 1148 1554 1221 οὐκ
1583 1155 1800 1235 ἔξεστί
1821 1181 1935 1241 μοι

398 1262 512 1344 τῆς
538 1261 658 1343 σῆς
685 1257 1016 1343 λαβέσθαι
1043 1253 1362 1343 φιλτάτης
1389 1256 1753 1342 γενειάδος,

312 1394 321 1400 ·
401 1361 610 1447 ῥῦσαί
630 1384 712 1445 με
741 1354 908 1446 πρὸς
935 1363 1152 1427 θεῶν·
1187 1363 1251 1425 εἰ
1277 1356 1352 1425 δὲ
1378 1356 1499 1444 μή,
1531 1356 1939 1445 θανούμεθα
2078 1373 2179 1431 575

400 1465 685 1548 αἰσχρῶς
714 1458 839 1547 μὲν
872 1454 1070 1547 ὑμῖν,
1102 1464 1449 1546 δυστυχῶς
1478 1456 1542 1528 δ’
1580 1463 1733 1549 ἐμοί
1738 1512 1757 1547 ,
1790 1463 2012 1549 γέρον.

162 1570 325 1632 ΠΗ.
394 1568 604 1649 χαλᾶν
631 1561 885 1631 κελεύω
915 1559 1126 1649 δεσμά
1153 1563 1317 1648 πρὶν
1343 1568 1606 1631 κλαίειν
1634 1562 1807 1650 τινά,

0 1722 1 1731 ,
399 1666 510 1734 καὶ
537 1670 738 1753 τῆσδε
768 1679 992 1755 χεῖρας
1022 1663 1387 1751 διπτύχους
1416 1660 1697 1734 ἀνιέναι.
1734 1708 1739 1715 ·

165 1774 325 1834 ME.
395 1768 525 1855 έγῶ
557 1762 622 1837 δ’
655 1763 939 1836 ἀπαυδῶ
967 1764 1174 1834 τᾶλλα
1206 1765 1269 1834 τ’
1294 1762 1418 1853 οὐχ
1444 1762 1672 1853 ἥσσων
1699 1770 1905 1835 σέθεν

395 1870 508 1937 καὶ
535 1873 738 1956 τῆσδε
769 1874 992 1960 πολλῶ
1021 1866 1429 1958 κυριώτερος
1456 1868 1688 1957 γεγώς.
2076 1882 2181 1936 580

167 1977 319 2039 ΠΗ.
388 1977 566 2051 πῶς;
594 1960 638 2055 ἦ
663 1973 750 2039 σύ
786 1973 907 2038 τὸν
941 1970 1101 2054 ἐμὰν
1136 1967 1325 2036 οἶκον
1358 1969 1650 2054 οἰκήσεις
1686 1967 1914 2052 μολῶν

395 2067 632 2161 δεῦρ’;
674 2066 798 2157 οὐχ
826 2065 972 2150 ἅλις
999 2091 1106 2140 σοι
1135 2075 1273 2139 τῶν
1298 2066 1466 2138 κατὰ
1504 2069 1830 2160 Σπάρτην
1870 2087 2179 2161 κρατεῖν;

0 2083 13 2274 γ
161 2181 323 2242 ΜΕ.
395 2169 580 2244 εἷλόν
605 2199 718 2242 νιν
750 2171 1169 2260 αἰχμάλωτον
1195 2174 1270 2241 ἐκ
1306 2180 1549 2261 Τροίας
1576 2171 1729 2259 ἐγῶ.

163 2283 320 2344 ΠΗ.
395 2271 601 2364 οὑμὸς
628 2276 711 2344 δέ
732 2271 800 2362 γ’
835 2271 1049 2363 αὐτὴν
1077 2282 1276 2362 ἔλαβε
1306 2290 1460 2356 παῖς
1487 2273 1726 2356 παιδὸς
1754 2278 1969 2368 γέρας.

163 2385 323 2446 ΜΕ.
391 2374 649 2446 οὔκουν
675 2381 942 2446 ἐκείνου
971 2375 1144 2467 τάμὰ
1172 2374 1490 2448 τάκείνου
1518 2376 1579 2446 τ’
1612 2377 1769 2466 ἐμάς
2077 2395 2177 2451 585

161 2487 318 2548 ΠΗ.
393 2485 564 2570 δρᾶν
592 2468 704 2566 εὖ,
733 2486 955 2560 κακῶς
982 2478 1047 2549 δ’
1083 2475 1199 2567 οὗ,
1229 2475 1390 2568 μηδ’
1424 2477 1846 2550 ἀποκτείνειν
1872 2487 2010 2570 βίᾳ.

160 2589 324 2649 ΜΕ.
388 2577 478 2662 ῶς
504 2578 693 2668 τήνδ’
728 2575 997 2664 ἀπάξεις
1025 2577 1262 2653 οὔποτ’
1297 2584 1362 2664 ἐξ
1396 2583 1553 2668 ἐμῆς
1578 2582 1791 2670 χερός.

163 2690 320 2752 ΠΗ.
389 2681 704 2776 σκήπτρῳ
732 2683 809 2753 δὲ
837 2688 1011 2776 τῷδε
1038 2681 1162 2753 σὸν
1188 2683 1583 2771 καθαιμάξω
1611 2683 1805 2773 κάρα.

163 2792 322 2854 ΜΕ.
386 2784 654 2868 ψαῦσόν
681 2782 774 2873 γ’,
805 2783 896 2856 ἵν’
933 2791 1146 2877 εἰδῇς,
1177 2787 1291 2856 καὶ
1320 2788 1521 2866 πέλας
1553 2783 1896 2876 πρόσελθέ
1916 2811 2071 2873 μου.

169 2893 323 2956 ΠΗ.
397 2886 484 2957 σύ
512 2885 641 2976 γὰρ
670 2884 818 2975 μετ’
850 2885 1156 2981 ἀνδρῶν,
1187 2879 1244 2957 ῶ
1272 2889 1543 2958 κάκιστε
1571 2885 1699 2959 κάκ
1728 2891 1993 2972 κακῶν;
2074 2901 2178 2957 590

393 2991 504 3059 σοὶ
529 2996 663 3058 ποῦ
691 2992 998 3078 μέτεστιν
1027 2987 1116 3071 ῶς
1146 2993 1220 3060 ἐν
1245 2989 1573 3081 ἀνδράσιν
1602 2991 1845 3080 λόγους

12 3079 23 3288 ᾖ
396 3087 576 3172 ὅστις
603 3089 770 3181 πρὸς
797 3088 1046 3184 ἀνδρὸς
1075 3091 1347 3185 Φρυγὸς
1374 3091 1761 3182 ἀπηλλάγης
1790 3096 1997 3180 λέχος,

397 3189 664 3285 &uanam-³
700 3193 956 3265 ἀδουλα
1006 3193 1275 3284 δώμαθ’
1312 3198 1528 3278 ἑστίας
1557 3197 1793 3284 λιπῶν,

396 3291 486 3376 ῶς
514 3294 598 3383 δὴ
625 3312 915 3384 γυναῖκα
943 3295 1244 3388 σώφρον’
1283 3301 1358 3368 ἐν
1387 3298 1615 3388 δόμοις
1647 3307 1821 3387 ἔχων

15 3439 30 3744 ι
397 3404 632 3467 πασῶν
658 3407 1001 3488 κακίστην.
1033 3397 1185 3471 οὐδ’
1220 3396 1309 3471 ἀν
1338 3408 1402 3471 εί
1424 3401 1739 3490 βούλοιτό
1768 3429 1866 3482 τις
2075 3413 2177 3468 595

394 3499 692 3590 σώφρων
717 3505 979 3589 γένοιτο
1006 3511 1524 3598 Σπαρτιατίδων
1548 3504 1735 3598 κόρη,

333 3615 514 3657 tvm».
556 3619 680 3660 vox..
722 3605 763 3661 Ι.
1766 3599 1809 3662 5
