2492 3900
317 120 445 185 418

315 299 438 361 ΘΕ

318 502 437 562 111.

315 604 450 665 ΘΕ

315 705 437 766 ΙΠ.

317 807 450 867 ΘΕ.

313 908 436 968 ΙΠ.

314 1010 450 1070 ΘΕ.

313 1110 435 1173 ΙΠ.

315 1212 451 1273 ΘΕ.

314 1314 433 1374 ΙΠ.

316 1415 453 1477 ΘΕ.

311 1517 436 1579 ΙΠ.

316 1620 452 1680 ΘΕ.

311 1721 434 1782 ΙΠ.

314 1823 450 1885 ΘΕ.

312 1923 434 1987 ΙΠ.

315 2027 449 2088 ΘΕ.

313 2128 436 2188 ΙΠ.

313 2231 448 2291 ΘΕ.

311 2333 434 2394 ΙΠ.

307 2942 447 3004 ΘΕ.

1077 120 1591 179 ΙΠΠΟΛΥΤΟΣ

549 288 746 376 αναξ,
778 288 988 370 θεοὺς
1014 287 1143 377 γὰρ
1171 289 1500 369 δεσπότας
1527 296 1760 359 καλεῖν
1794 292 2031 379 χρεών,

548 383 658 478 ἆρ’
692 388 778 462 ἅν
805 397 877 460 τί
895 418 1028 479 μου
1057 392 1281 473 δέξαιο
1312 390 1811 477 βουλεύσαντος
1842 384 1958 475 2133

545 496 658 563 καὶ
686 488 896 583 κάρτα
923 490 1030 580 γ’·
1062 483 1106 580 ἦ
1138 520 1267 580 γαρ
1298 489 1383 560 ού
1412 493 1620 579 σοφοὶ
1645 478 2045 581 φαινοίμεθ’
2076 524 2172 564 αν.
2260 514 2331 568 90

549 593 732 665 οἶσθ’
765 586 892 663 οὖν
919 588 1332 684 sspovoz'o'w“
1291 621 1365 673 09
1391 596 1813 681 καθέστηκεν
1840 596 2065 683 νόμος,

545 694 672 767 οὐκ
699 696 848 766 οἶδα
864 718 880 733 ·
911 701 1031 765 τοῦ
1059 695 1135 765 δὲ
1161 701 1284 764 καί
1303 692 1375 782 μ’
1406 692 1784 785 ἀνιστορεῖς
1810 700 2001 785 πτέρις

548 814 769 885 μισεῖν
800 795 874 865 τὸ
904 796 1156 885 σεμνὸν
1182 798 1298 865 καὶ
1327 794 1403 865 τὸ
1429 794 1519 885 μὴ
1550 804 1760 866 πᾶσιν
1788 806 2033 886 φίλον;

544 897 772 989 ὀρθῶς
799 921 907 986 γε·
939 907 1038 979 τίς
1066 894 1137 968 δ’
1173 894 1257 967 οὐ
1287 896 1529 986 σεμνὸς
1558 895 1875 993 ἀχθεινὸς
1900 908 2197 989 βροτῶν;

551 1005 624 1071 ἐν
660 998 726 1071 δ’
765 998 1367 1090 εὖπροσηγόροισιν
1398 1006 1537 1069 ἔστι
1568 1028 1671 1081 τις
1693 1000 1916 1089 χάριςς
2268 1020 2335 1074 95
2442 1078 2444 1107 ;

543 1110 817 1190 πλείστη
848 1129 956 1191 γε,
985 1103 1106 1171 καῖ
1123 1100 1361 1226 κ’έρδος
1389 1128 1465 1189 γε
1494 1100 1625 1170 σὺν
1652 1102 1889 1195 μόχθω
1916 1111 2171 1194 βραχεῖ.

549 1196 593 1291 ἦ
622 1201 751 1274 κᾶν
775 1214 996 1275 θεοῖσι
1025 1199 1275 1272 ταύτὸν
1302 1206 1585 1287 ἐλπίζεις
1612 1203 1802 1287 τόδε;

545 1316 732 1395 εἴπερ
762 1334 839 1393 γε
864 1306 1108 1393 θνητοὶ
1134 1311 1322 1373 θεῶν
1346 1304 1612 1393 νόμοισι
1638 1306 1980 1395 χρωμεθα.

548 1416 688 1488 πῶς
717 1398 846 1475 οὖν
872 1403 960 1475 σύ
990 1404 1243 1494 σεμνὴν
1271 1402 1539 1493 δαίμον’
1572 1404 1655 1475 ού
1688 1411 2197 1495 προσεννέπειςς

544 1504 672 1577 τίν’
700 1505 1052 1595 ςεύλαβοῦ
1081 1508 1159 1577 δὲ
1184 1506 1275 1596 μή
1304 1536 1366 1577 τι
1404 1514 1531 1577 σοῦ’
1559 1516 1786 1598 σφαλῇ
1816 1510 2047 1597 στόμα.
2234 1530 2335 1581 100

556 1607 746 1698 τήνδ’
779 1606 824 1697 ἢ
852 1609 1127 1679 πύλαισι
1155 1625 1303 1690 σαῖς
1332 1610 1697 1697 ἐφέστηκεν
1723 1610 2009 1698 Κύπρις.

542 1713 903 1803 πρόσωθεν
931 1708 1146 1799 αὐτὴν
1173 1708 1379 1799 ἁγνὸς
1408 1739 1506 1780 ων
1534 1708 1919 1800 ἀσπάζομαι.

535 1814 744 1902 σεμνή
779 1842 854 1903 γε
881 1816 1110 1901 μέντοι
1137 1810 1571 1900 κᾶπίσημος’
1536 1842 1609 1883 εν
1636 1822 1918 1903 βροτοῖς.

543 1914 845 1986 ἄλλοισιν
873 1912 1070 1997 αλλος
1099 1922 1286 1985 θεῶν
1320 1942 1389 1985 τε
1424 1911 1857 2006 κάνθρώπων
1882 1920 2089 2005 μέλει.

546 2015 1015 2108 εὐδαιμονοίης
1040 2025 1209 2088 νοῦν
1237 2026 1408 2105 ἔχων
1441 2012 1589 2087 οἷόν
1620 2040 1695 2114 σε
1723 2025 1847 2088 δεῖ.
2236 2037 2335 2090 105

535 2117 763 2202 οὐδείς
787 2119 860 2209 μ’
894 2117 1162 2210 ἀρέσκει
1185 2122 1383 2190 νυκτὶ
1410 2119 1799 2208 θαυμαστὸς
1824 2127 2035 2189 θεῶν.

546 2237 872 2309 τιμαῖσιν,
905 2213 961 2289 ὦ
988 2238 1139 2310 παῖ,
1179 2221 1521 2312 δαιμόνων
1546 2229 1840 2311 χρῆσθαι
1869 2224 2110 2311 χρειόν.

541 2320 832 2413 χωρεῖτ’,
862 2319 1139 2411 ὀπαδοί,
1169 2327 1283 2394 καὶ
1308 2323 1761 2412 παρελθόντες
1789 2323 2043 2413 δόμους

541 2431 746 2494 σίτων
773 2429 1090 2514 μέλεσθε·
1123 2425 1414 2515 τερπνὸν
1442 2429 1514 2495 ἐκ
1544 2433 1869 2514 κυναγίας

545 2528 829 2616 τράπεζα
858 2527 1142 2619 πλήρης·
1175 2530 1287 2598 καὶ
1316 2527 1724 2616 καταψήχειν
1750 2527 1969 2618 χρεών
2236 2546 2333 2599 110

541 2635 784 2710 ἵππους
802 2682 822 2718 ,
853 2626 1031 2710 ὅπως
1057 2625 1144 2698 ἄν
1169 2625 1416 2719 ἅρμασι
1444 2630 1669 2713 ζεύξας
1698 2626 1832 2700 ὕπο

539 2738 745 2821 βορᾶς
771 2733 1122 2821 κορεσθεὶς
1148 2732 1469 2820 γυμνάσω
1500 2730 1581 2801 τὰ
1606 2731 1959 2819 πρόσφορα
1978 2753 1994 2767 ·

539 2829 662 2919 τὴν
689 2830 818 2919 σὴν
847 2833 924 2900 δὲ
950 2833 1224 2923 Κύπριν
1254 2829 1447 2904 πόλλ’
1481 2831 1610 2921 ἐγώ
1638 2839 1898 2922 χαίρειν
1923 2835 2119 2920 λέγω.

542 2929 729 3021 ἡμεῖς
757 2934 867 3020 δέ,
897 2933 1055 3016 τούς
1081 2937 1279 3016 νέους
1306 2933 1435 3024 γὰρ
1462 2931 1546 3005 οὐ
1572 2937 1911 3022 μιμητέον,

539 3041 956 3123 φρονοῦντες
983 3033 1194 3118 οὕτως
1224 3033 1314 3117 ὥς
1347 3039 1584 3125 πρέπει
1612 3035 1879 3116 δούλοις
1909 3036 2156 3124 λέγειν,
2234 3055 2333 3106 115

539 3137 1091 3226 προσευξόμεσθα
1117 3153 1290 3209 τοῖσι
1316 3153 1457 3220 σοῖς
1484 3135 1838 3226 ἀγάλμασι,

536 3241 856 3310 δέσποινα
885 3241 1130 3331 Κύπρι.
1203 3238 1328 3331 χρὴ
1358 3241 1434 3310 δὲ
1458 3239 1868 3328 συγγνώμην
1898 3246 2095 3327 ἔχειν,

539 3350 608 3410 εῖ
631 3347 728 3422 τίς
755 3339 821 3410 σ’
854 3339 981 3428 ὑφ’
1014 3339 1181 3430 ἥβης
1207 3341 1593 3430 σπλάγχνον
1621 3349 1897 3412 ἔντονον
1928 3343 2163 3432 φέρων

531 3441 777 3524 μάταια
803 3443 985 3529 βάζει
1005 3463 1020 3478 ·
1049 3441 1138 3529 μὴ
1171 3443 1358 3512 δόκει
1390 3442 1633 3513 τούτου
1663 3443 1927 3512 κλύειν·

2417 0 2433 177 1

2430 178 2435 301 ἕ

2421 324 2439 599 1
