2492 3900
185 19 306 34 .......

143 1067 288 1123 ΑΛ.

157 3207 294 3266 ΑΔ.

157 3408 290 3470 XO.

959 170 1404 230 ΑΛΚΗΣΤΙΣ
2088 172 2165 235 17

381 342 495 411 καὶ
527 336 700 427 δῶμ’
733 336 1044 427 gromae,
1083 336 1172 421 ὥς
1199 342 1697 429 συνοικήσουσά
1726 372 1863 431 μοι.

385 447 459 513 ἐν
497 457 720 512 ταῖσιν
748 438 982 522 αὐταῖς
1008 442 1136 531 γάρ
1173 438 1236 530 μ’
1275 442 1621 531 ἐπισκήψω
1655 446 1919 534 κέδροις
2067 461 2167 516 365

383 547 490 615 σοὶ
515 544 761 614 τούσδε
787 553 1018 615 θεῖναι
1046 543 1309 633 πλευρά
1337 541 1387 613 τ’
1420 548 1708 615 ἐκτεῖναι
1746 550 1949 629 πέλας

379 656 730 735 πλευροῖσι
757 661 894 727 τοῖς
919 660 1060 727 σοῖς
1076 667 1090 683 ·
1120 646 1292 734 μηδὲ
1320 638 1447 737 γάρ
1477 646 1717 717 θανών
1744 675 1904 719 ποτε

383 756 506 819 σοῦ
533 750 734 836 χωρὶς
764 757 910 836 εῖην
936 755 1052 835 τῆς
1086 748 1297 837 μόνης
1325 756 1559 839 πιστῆς
1585 754 1753 838 ἐμοί.

275 905 288 919 .
381 854 493 919 καὶ
519 848 655 939 μὴν
683 849 816 937 ἐγώ
844 872 952 920 σοι
983 850 1236 931 πένθος
1265 846 1355 931 ὥς
1384 858 1581 939 φίλος
1618 858 1797 945 φίλῳ

384 951 648 1043 λυπρὸν
675 959 972 1022 συνοίσω
1001 958 1234 1040 τῆσδε·
1266 954 1379 1021 καὶ
1409 952 1536 1042 γὰρ
1567 950 1737 1036 ἀξία.
2060 970 2166 1025 370

378 1048 432 1124 ὦ
466 1060 731 1141 παῖδες,
761 1050 955 1123 αὐτοὶ
983 1054 1067 1143 δὴ
1095 1051 1240 1124 τάδ’
1278 1054 1710 1143 είσηκούσατε

379 1156 625 1249 πατρὸς
651 1157 964 1244 λέγοντος
999 1154 1088 1244 μὴ
1119 1172 1359 1244 γαμεῖν
1386 1154 1597 1244 ἄλλην
1624 1156 1775 1226 τινα

380 1255 638 1347 γυναῖκ’
672 1255 774 1348 ἐφ’
809 1254 970 1353 ἡμῖν
997 1255 1154 1346 μηδ’
1191 1256 1537 1349 ἀτιμάσειν
1565 1262 1700 1348 ἐμέ.

379 1364 492 1431 καὶ
520 1368 652 1431 νῦν
677 1362 760 1431 δέ
783 1388 986 1449 φημι,
1017 1362 1129 1429 καὶ
1156 1363 1531 1449 τελευτήσω
1560 1362 1740 1431 τάδε.

374 1466 483 1534 ἐπὶ
511 1469 734 1533 τοῖσδε
761 1467 1003 1543 παῖδας
1028 1461 1251 1552 χειρὸς
1275 1466 1341 1546 ἐξ
1371 1467 1529 1552 ἐμῆς
1556 1466 1775 1551 δέχου.
2061 1480 2164 1536 375

381 1568 654 1654 δέχομαι
689 1572 895 1652 φίλον
923 1592 999 1652 γε
1033 1569 1258 1653 δῶρον
1287 1568 1361 1635 ἐκ
1391 1574 1592 1655 φίλης
1620 1568 1830 1657 χερός.

374 1666 462 1736 σὺ
490 1674 624 1737 νῦν
650 1673 858 1754 γενοῦ
882 1662 1096 1736 τοῖσδ’
1129 1664 1267 1736 ἀντ’
1300 1671 1465 1756 ἐμοῦ
1496 1668 1709 1759 μήτηρ
1740 1671 2015 1749 τέκνοις.

371 1770 584 1856 πολλή
611 1778 672 1855 μ’
706 1765 965 1857 ἀνάγκη
999 1776 1125 1838 σοῦ
1154 1766 1210 1856 γ’
1243 1767 1819 1859 ἀπεστερημένοις.

377 1862 432 1939 ὦ
460 1873 663 1963 τέκν’,
687 1866 797 1940 ὅτε
825 1878 943 1959 ξῆν
969 1878 1140 1960 χρῆν
1166 1868 1255 1961 μ’,
1284 1869 1655 1962 ἀπέρχομαι
1684 1872 1883 1941 κάτω.

375 1983 574 2061 οἴμοι,
603 1979 675 2042 τί
696 1972 921 2062 δράσω
951 1978 1118 2062 δῆτα
1145 1980 1270 2042 σοῦ
1299 1974 1751 2062 μονούμενος;
2060 1991 2165 2046 380

373 2075 616 2164 χρόνος
649 2075 923 2163 μαλάξει
952 2073 1017 2144 σ’
1040 2097 1055 2112 ·
1088 2073 1295 2144 οὐδέν
1324 2073 1474 2146 ἐσθ’
1506 2073 1543 2145 ὁ
1572 2076 1952 2146 κατθανών.

381 2175 552 2264 ἄγου
580 2204 662 2265 με
693 2176 825 2246 σὺν
854 2179 959 2247 σοὶ
989 2175 1156 2265 πρὸς
1183 2184 1371 2246 θεῶν
1399 2176 1571 2267 ἄγου
1600 2179 1799 2248 κάτω.

273 2334 286 2347 .
373 2277 716 2368 ἀρκοῦμεν
743 2276 932 2366 ἡμεῖς
958 2283 1029 2348 οἱ
1049 2279 1596 2368 προθνήσκοντες
1623 2283 1851 2351 σέθεν.

381 2373 435 2448 ὦ
462 2387 737 2469 δαῖμον,
769 2385 910 2462 οἵας
938 2381 1235 2468 συζύγου
1264 2378 1325 2469 μ’
1363 2380 1773 2472 ἀποστερεῖς.

272 2537 286 2551 .
369 2485 484 2552 καὶ
511 2483 646 2572 μὴν
676 2481 1024 2553 σκοτεινὸν
1051 2479 1229 2570 ὄμμα
1260 2511 1393 2570 μου
1426 2486 1814 2574 βαρύνεται.
2057 2499 2161 2554 385

375 2583 740 2674 ἀπωλόμην
769 2583 893 2672 ἄρ’,
927 2594 996 2654 εῖ
1013 2612 1095 2672 με
1125 2583 1211 2672 δὴ
1241 2592 1529 2672 λείψεις,
1561 2586 1785 2672 γύναι.

376 2683 465 2767 ὥς
494 2681 716 2756 οὐκέτ’
749 2679 965 2756 οὖσαν
992 2683 1199 2756 οὐδὲν
1226 2682 1312 2756 ἄν
1341 2690 1560 2776 λέγοις
1588 2689 1722 2776 ἐμέ.

377 2786 598 2877 ὄρθου
627 2788 1020 2876 πρόσωπον,
1051 2786 1141 2876 μὴ
1171 2795 1371 2879 λίπῃς
1398 2795 1641 2871 παῖδας
1668 2791 1895 2860 σέθεν.

372 2889 456 2959 οὐ
486 2887 650 2978 δῆθ’
683 2890 934 2961 ἑκοῦσά
959 2886 1040 2978 γ’,
1069 2887 1242 2959 ἀλλὰ
1268 2891 1535 2981 χαίρετ’,
1568 2884 1624 2962 ὦ
1650 2895 1869 2963 τέκνα.

375 2995 631 3080 βλέψον
683 2992 848 3081 πρὸς
915 2989 1163 3072 αὐτοὺς
1217 2996 1489 3080 βλέψον.
1573 3003 1715 3066 ΑΛ.
1773 2991 1977 3064 οὐδέν
2036 2999 2155 3080 εἰμ’

1060 3100 1177 3163 ἔτι.
2126 3115 2163 3163 0

376 3203 450 3266 τί
474 3201 676 3287 δρᾷςς
708 3204 1126 3286 προλείπεις;
1182 3204 1327 3265 ΑΛ.
1357 3193 1548 3288 χαῖρ’.
1612 3207 1763 3266 ΑΔ.
1794 3113 2163 3281 ἀπῶλόμῗξν

1059 3298 1279 3380 τάλας.

372 3403 696 3490 βέβηκεν,
728 3398 944 3472 οὐκέτ’
979 3407 1160 3471 ἔστιν
1187 3395 1520 3490 Ἀδμήτου
1550 3405 1747 3490 γυνή.

314 3519 497 3557 svau».
543 3519 666 3560 vor..
710 3505 752 3560 Ι.
1784 3499 1827 3559 2
