2492 3900
1095 125 1511 185 ΙΚΕΤΙΔΕΣ

514 299 810 385 πόλεμον
837 296 914 365 δὲ
939 301 1181 364 τοῦτον
1209 292 1337 363 οὐκ
1368 294 1496 382 ἐγὼ
1526 301 1965 383 καθίσταμαι,

515 395 589 481 ὃς
615 397 778 468 οὐδὲ
804 396 936 468 σῦν
964 393 1174 467 τοῖσδ’
1207 388 1430 483 ἦλθον
1460 402 1555 476 εἰς
1582 396 1867 484 Κάδμου
1894 398 2150 486 χθόνα.

513 498 803 587 νεκροὺς
830 499 907 569 δὲ
933 496 1091 581 τοὺς
1117 496 1490 585 θανόντας,
1521 494 1605 567 οῦ
1632 498 1951 586 βλάπτων
1980 501 2195 571 πόλιν

514 599 658 673 οὐδ’
689 600 1150 692 ἀνδροκμῆτας
1181 602 1592 691 προσφέρων
1619 596 1934 688 ἀγωνίας,
2222 622 2320 675 525
2446 644 2456 657 .

515 704 736 787 θάψαι
764 706 1035 788 δικαιῶ,
1065 701 1186 772 τὸν
1211 700 1670 791 Πανελλήνων
1695 702 1909 790 νόμον

515 806 764 890 σώζων.
832 810 906 874 τί
925 803 1186 875 τούτων
1211 807 1393 873 ἐστὶν
1420 800 1502 873 οῦ
1528 810 1751 885 καλῶς
1782 812 1969 893 ἔχον;

520 915 584 978 εἰ
605 908 732 995 γάρ
763 934 826 975 τι
855 907 968 976 καὶ
996 903 1375 976 πεπόνθατ’
1400 902 1724 995 Ἀργείων
1751 902 1918 994 ῦπο,

519 1016 874 1096 τεθνᾶσιν,
904 1005 1260 1099 ἠμύνασθε
1286 1016 1648 1096 πολεμίους
1673 1015 1916 1101 καλῶς,

519 1118 805 1199 αἰσχροῖς
833 1107 899 1180 δ’
933 1114 1236 1195 ἐκείνοις,
1269 1106 1351 1199 χὴ
1380 1117 1535 1199 δίκη
1565 1116 1901 1197 διοίχεται.
2216 1130 2317 1183 530
2452 1138 2462 1369 ι

523 1210 774 1297 [ἐάσατ’
807 1210 939 1302 ἤδη
965 1220 1054 1301 γῇ
1081 1220 1523 1301 καλυφθῆναι
1552 1212 1855 1299 νεκρούς,

522 1312 691 1383 ὅθεν
721 1312 785 1383 δ’
818 1318 1099 1385 ἕκαστον
1127 1320 1220 1394 είς
1246 1312 1321 1383 τὸ
1354 1311 1525 1402 σῶμ’
1559 1312 1859 1402 ἀφίκετο,

523 1414 806 1485 ἐνταῦθ’
843 1414 1204 1503 ἀπελθεῖν,
1238 1424 1505 1505 πνεῦμα
1531 1416 1657 1504 μὲν
1686 1414 1854 1505 πρὸς
1880 1419 2148 1505 αἰθέρα,

519 1515 594 1587 τὸ
623 1523 811 1605 σῶμα
842 1514 905 1585 δ’
941 1524 1034 1597 είς
1059 1524 1223 1606 γῆν·
1256 1515 1404 1588 οὔτι
1431 1516 1560 1608 γὰρ
1590 1518 1971 1605 κεκτήμεθα

521 1616 846 1708 ἡμέτερον
877 1614 1046 1689 αὐτὸ
1079 1617 1258 1708 πλὴν
1288 1624 1629 1708 ἐνοικῆσαι
1655 1619 1830 1708 βίον,
2206 1638 2307 1691 535

523 1748 802 1790 καπειτα
831 1720 954 1809 τὴν
981 1722 1339 1809 θρέψασαν
1366 1719 1533 1791 αὐτὸ
1564 1726 1675 1791 δεῖ·
1698 1728 1979 1809 λαβεῖν]

522 1828 742 1904 δοκεῖς
767 1836 1175 1913 κακουργεῖν
1183 1819 1429 1911 ’Ἄργος
1457 1820 1540 1892 οῦ
1572 1822 1857 1893 θάπτων
1880 1824 2206 1911 νεκρούς;

517 1921 754 2013 ἥκιστα
773 1948 787 1962 ·
819 1924 1032 2014 πάσης
1051 1920 1361 2006 Ἑλλάδος
1388 1922 1623 1995 κοινὸν
1647 1924 1822 2013 τόδε,

521 2034 586 2095 εἰ
605 2026 762 2108 τοῦς
789 2027 1124 2108 θανόντας
1149 2033 1475 2114 νοσφίσας
1505 2017 1603 2096 ὧν
1642 2033 1749 2098 δεῖ
1780 2037 2009 2118 λαχεῖν

519 2126 822 2217 ἀτάφους
851 2155 949 2209 τις
981 2131 1145 2212 ἕξει·
1173 2134 1437 2199 δειλίαν
1463 2127 1594 2217 γὰρ
1624 2132 1923 2218 εἰσφέρει
2202 2142 2306 2196 540

520 2246 657 2310 τοῖς
685 2228 1098 2317 ἀλκίμοισιν,
1128 2221 1325 2312 οὗτος
1352 2226 1441 2319 ἦν
1468 2237 1637 2321 τεθῇ
1668 2227 1891 2318 νόμος.

523 2327 721 2418 κάμοὶ
748 2331 871 2419 μὲν
895 2321 1108 2418 ἦλθες
1135 2329 1298 2401 δείν’
1330 2329 1713 2419 ἀπειλήσων
1742 2339 1889 2420 ἔπη,

519 2431 807 2522 νεκροὺς
836 2432 914 2502 δὲ
937 2430 1261 2521 ταρβεῖτ’,
1291 2440 1356 2503 εί
1368 2434 1831 2527 κρυφήσονται
1858 2439 2071 2523 χθονί
2079 2463 2098 2514 ;

517 2543 590 2605 τί
607 2535 696 2623 μὴ
729 2537 1034 2625 γένηται;
1062 2533 1151 2623 μὴ
1185 2537 1660 2618 κατασκάψωσι
1686 2543 1816 2625 γῆν
1908 2591 1913 2597 -

517 2639 836 2724 ταφέντες
863 2633 1094 2725 ῦμῶνς
1123 2631 1168 2725 ἢ
1193 2634 1378 2708 τέκν’
1410 2640 1486 2708 ἐν
1509 2654 1744 2726 μυχοῖς
1770 2635 2021 2726 χθονὸς
2202 2651 2302 2704 545

519 2739 863 2826 φύσωσιν,
895 2741 960 2821 ἐξ
989 2729 1087 2807 ὦν
1115 2736 1251 2808 εἶσί
1272 2767 1371 2820 τις
1396 2746 1714 2828 τιμωρίας

522 2839 759 2909 σκαιόν
784 2866 862 2925 γε
888 2835 1247 2928 τάνάλωμα
1276 2848 1392 2930 τῆς
1418 2840 1723 2930 γλώσσης
1750 2841 1926 2928 τόδε,

519 2941 778 3029 φόβους
804 2939 1140 3030 πονηροὺς
1165 2944 1280 3012 καὶ
1307 2942 1546 3025 κενοὺς
1573 2946 1969 3016 δεδοικέναι.

517 3039 665 3112 ἀλλ’
699 3033 754 3112 ώ
779 3042 1078 3131 μάταιοι,
1108 3050 1325 3132 γνῶτε
1351 3043 1779 3134 τάνθρώπων
1804 3044 1977 3115 κακά
1996 3072 2012 3088 ·

517 3141 932 3233 παλαίσμαθ’
964 3142 1155 3234 ἡμῶν
1181 3142 1218 3216 ὃ
1246 3153 1428 3234 βίος*
1462 3145 1820 3236 εὐτυχοῦσι
1846 3148 1924 3218 δὲ
2199 3163 2298 3215 550

517 3254 592 3315 οι
608 3275 734 3334 μεν
760 3245 930 3335 τάχ’,
963 3254 1031 3316 οἳ
1055 3245 1122 3317 δ’
1155 3251 1471 3337 ἐσαῦθις,
1502 3253 1572 3320 οἳ
1594 3247 1659 3319 δ’
1692 3247 1822 3338 ἤδη
1850 3255 2135 3338 βροτων.

515 3354 743 3438 τρυφᾷ
771 3345 903 3418 δ’ὁ
933 3354 1225 3436 δαίμων·
1256 3351 1423 3442 πρός
1452 3380 1521 3421 τε
1549 3380 1678 3441 γαρ
1708 3360 1827 3420 τοῦ
1856 3355 2251 3472 δυστυχοῦς,

518 3474 604 3525 ως
635 3445 919 3535 εὐμενὴς
943 3439 1021 3536 ᾖ,
1053 3456 1266 3534 τίμιος
1292 3459 1695 3541 γεραίρεται,

2459 1512 2465 1571 1

2458 1632 2465 1895 ἵ
