2492 3900
981 115 1109 171 HA
1120 115 1377 171 EKTPA
2043 115 2164 180 257

385 283 476 364 ὡς
511 281 886 371 πρόσβασιν
912 279 1117 352 τῶνδ’
1152 279 1405 372 ὀρθίαν
1435 293 1642 354 οἴκων
1672 292 1804 373 ἔχει

380 389 571 477 ῥυσῷ
599 385 865 473 γέροντι
891 390 1063 477 τῷδε
1092 393 1469 474 προσβῆναι
1496 392 1673 456 ποδί.
2065 412 2145 456 ψῑᾙ

381 483 563 575 ὅμως
593 486 669 555 δὲ
698 485 865 574 πρός
891 514 969 573 γε
996 484 1155 568 τοὺς
1186 494 1433 574 φίλους
1461 491 1801 571 ἐξελκτέον

382 595 632 675 διπλῆν
661 583 972 657 ἄκανθαν
999 591 1114 658 καὶ
1140 597 1559 679 παλίρροπον
1590 591 1778 678 γόνυ.

383 682 442 759 03
468 690 801 778 θύγατερ,
835 686 986 778 ἀρτι
1015 691 1141 779 γάρ
1170 712 1246 760 σε
1273 689 1440 781 πρὸς
1469 692 1698 780 δόμοις
1727 689 1885 780 ὁρῶ,

382 789 525 880 ἥκω
555 793 784 880 φέρων
810 810 917 861 σοι
946 799 1085 862 τῶν
1114 796 1295 880 έμῶν
1322 794 1760 882 βοσκημάτων

279 945 291 948 -
384 902 671 980 ποίμνης
698 892 987 981 νεογνὸν
1015 891 1267 983 θρέμμ’
1301 890 1694 976 ὑποσπάσας
1722 895 1876 965 τόδε
2069 916 2153 964 4⁶35

152 1716 303 1777 HA.

159 2226 292 2286 ΠΡ.

380 995 760 1082 στεφάνους
784 1021 857 1063 τε
883 1000 1175 1083 τευχέων
1201 994 1260 1065 τ’
1295 996 1537 1078 ἐξελών
1562 997 1961 1085 τυρεύματα,

385 1097 673 1167 παλαιόν
705 1124 777 1166 τε
804 1098 1239 1189 θησαύρισμα
1267 1099 1617 1168 Διονύσου
1642 1099 1799 1168 τόδε

381 1196 557 1291 ὀσμῇ
584 1205 899 1288 κατῆρες,
928 1199 1207 1288 μικρόν,
1237 1197 1388 1270 ἀλλ’
1423 1204 1846 1290 έπεισβαλεῖν

380 1298 513 1387 ἡδὺ
542 1300 811 1389 σκύφον
837 1301 1030 1372 τοῦδ’
1063 1299 1530 1396 ἀσθενεστέρῳ
1558 1311 1756 1396 ποτῷ.

386 1413 503 1472 ἴτω
534 1405 764 1492 φέρων
791 1430 889 1484 τις
914 1419 1053 1485 τοῖς
1078 1407 1294 1486 ξένοις
1321 1401 1470 1475 τάδ’
1508 1411 1601 1485 εἰς
1630 1405 1877 1493 δόμους
1896 1428 1909 1441 ·
2069 1424 2153 1472 &mni

386 1503 514 1592 ἐγώ
548 1505 624 1574 δὲ
652 1504 879 1595 τρύχει
904 1502 1064 1598 τῷδ’
1100 1509 1280 1593 έμῶν
1307 1509 1580 1576 πέπλων
1605 1507 1807 1597 κόρας

385 1606 739 1697 δακρύοισι
766 1609 995 1694 τέγξας
1024 1609 1506 1697 ἐξομόρξασθαι
1534 1611 1737 1680 θέλω.

386 1717 457 1778 τί
487 1706 579 1796 δ’,
612 1702 668 1779 τό
694 1712 952 1798 γεραιέ,
988 1710 1351 1799 διάβροχον
1381 1709 1524 1779 τόδ’
1561 1707 1719 1799 ὄμμ’
1758 1717 1961 1797 ἔχεις,-Ῡ

385 1819 532 1900 μῶν
559 1808 731 1898 τάμὰ
758 1809 871 1880 διὰ
894 1811 1144 1900 χρόνον
1170 1809 1235 1880 σ’
1270 1810 1642 1900 ἀνέμνησεν
1678 1813 1884 1893 κακά;

384 1909 428 2001 ἦ
454 1911 570 1994 τὰς
596 1910 910 2001 Ὀρέστου
938 1914 1267 2002 τλήμονας
1295 1912 1519 2003 φυγάς
1545 1915 1800 1996 στένεις

384 2018 498 2084 καὶ
527 2019 777 2106 πατέρα
805 2014 926 2085 τὸν
954 2016 1149 2104 έμόν,
1182 2012 1263 2085 ὅν
1291 2014 1438 2085 ποτ’
1469 2020 1544 2086 ἐν
1570 2031 1798 2107 χεροῖν
1827 2023 1993 2102 ἔχεταιμ

386 2113 659 2205 ἀνόνητ’
694 2118 988 2206 ἔθρεψάς
1015 2125 1129 2187 σοί
1158 2146 1229 2187 τε
1258 2121 1371 2188 καὶ
1397 2134 1536 2199 τοϊς
1562 2133 1703 2199 σοῖς
1735 2126 1989 2207 φίλοις-Ξ

385 2215 673 2306 ἀνόνηθ’
695 2241 710 2255 ·
742 2216 920 2305 ὅμως
948 2217 1013 2288 δ’
1048 2210 1176 2289 οὖν
1205 2220 1403 2290 τοῦτό
1430 2218 1495 2309 γ’
1531 2217 1656 2290 οὐκ
1685 2217 1969 2309 ἠνεσχόμ
1989 2253 2073 2305 ψη

386 2312 607 2408 ἦλθον
635 2317 762 2409 γὰρ
792 2318 1007 2390 αὐτοῦ
1034 2321 1204 2410 πρὸς
1230 2324 1450 2412 τάφον
1476 2319 1759 2413 πάρεργ’
1794 2319 1961 2391 ὀδοῦ

385 2424 500 2491 καὶ
525 2420 927 2511 προσπεσών
956 2422 1228 2493 ἔκλαυσ’
1264 2429 1537 2513 ἐρημίας
1562 2425 1805 2511 τυχών,
2069 2449 2121 2493 ,1η
2137 2453 2161 2485 t'

386 2523 683 2604 σπονδάς
709 2552 817 2612 τε,
847 2524 1054 2606 λύσας
1084 2523 1295 2595 ἀσκὸν
1324 2522 1404 2594 ὃν
1433 2527 1619 2613 φέρω
1649 2529 1882 2612 ξένοις,

389 2634 693 2713 ἔσπεισα,
727 2626 961 2719 τύμβῳ
991 2623 1055 2695 δ’
1088 2624 1453 2716 ἀμφέθηκα
1480 2634 1829 2717 μυρσίνας.

388 2733 607 2819 πυρᾶς
634 2726 703 2797 δ’
736 2725 843 2797 ἐπ’
878 2726 1085 2816 αὐτῆς
1113 2729 1219 2799 οἶν
1245 2730 1651 2818 μελάγχιμον
1677 2729 1864 2823 πόκῳ

391 2830 685 2919 σφάγιον
713 2834 974 2900 ἐσεῖδον
1002 2826 1163 2919 αἷμά
1190 2828 1252 2901 τ’
1289 2830 1372 2901 ού
1402 2832 1604 2901 πάλαι
1632 2832 1849 2919 χυθὲν

387 2935 642 3021 ξανθῆς
666 2960 738 3002 τε
764 2939 991 3021 χαίτης
1017 2933 1430 3026 βοστρύχους
1457 2938 1924 3023 κεκαρμένους.
2069 2957 2165 3005 511,

384 3031 803 3123 κάθαύμασ’,
833 3025 889 3103 ὦ
915 3051 1069 3121 παῖ,
1100 3043 1199 3116 τίς
1226 3033 1377 3106 ποτ’
1411 3033 1801 3126 ἀνθρώπων
1830 3045 1981 3125 ἔτλη

389 3134 555 3221 πρὸς
589 3137 850 3225 τύμβον
877 3140 1138 3206 ἐλθεῖν·
1169 3135 1255 3206 οὐ
1286 3137 1414 3226 γὰρ
1445 3135 1767 3227 Ἀργείων
1797 3142 1878 3226 γέ
1902 3165 2025 3217 τις·

392 3234 541 3305 ἀλλ’
572 3229 737 3326 ἦλθ’
772 3248 932 3320 ἴσως
958 3266 1093 3308 που
1121 3238 1237 3320 σὸς
1264 3247 1660 3328 κασίγνητος
1688 3240 1933 3333 λάθρα,

389 3338 616 3426 μολών
648 3338 715 3409 δ’
748 3338 1081 3429 έθαύμασ’
1117 3338 1364 3411 ἄθλιον
1389 3342 1647 3430 τύμβον
1674 3343 1937 3430 πατρός.

391 3443 632 3523 σκέψαι
660 3442 734 3511 δὲ
761 3451 1003 3531 χαίτην
1027 3455 1464 3534 προστιθεῖσα
1492 3452 1578 3534 σῇ
1605 3443 1800 3532 κόμῃ,
2077 3465 2173 3513 2323*ss

325 3557 510 3603 tvmp.
554 3561 681 3603 vox..
723 3545 767 3603 Ι.
1765 3539 1840 3603 17
