2492 3900
717 601 1473 670 ΥΠΟΘΕΣΙΣ.

335 905 575 988 Ἰόλαος
615 904 767 987 υίὸς
803 907 929 994 μὲν
967 898 1055 995 ἦν
1091 904 1496 996 Ἰφικλέους,
1541 905 1952 998 ἀδελφιδοῦς
1991 908 2069 978 δὲ

119 1011 559 1103 Ἡρακλέους·
590 1013 666 1080 ἐν
704 1010 967 1101 νεότητι
1013 1006 1078 1078 δ’
1124 1013 1363 1104 ἐκείνῳ
1403 1008 2067 1102 συστρατευσάμενος

129 1119 206 1184 ἐν
234 1112 410 1204 γήρᾳ
438 1125 576 1194 τοῖς
605 1114 670 1195 ἐξ
702 1114 971 1182 ἐκείνου
998 1111 1257 1201 βοηθὸς
1287 1107 1531 1194 εὔνους
1560 1116 1872 1204 παρέστη.
1928 1120 2067 1182 τῶν

127 1215 260 1306 γὰρ
289 1220 554 1286 παίδων
582 1217 647 1298 ἐξ
686 1211 945 1304 ἁπάσης
985 1217 1460 1304 ἐλαυνομένων
1499 1221 1622 1304 γῆς
1661 1212 1782 1284 ὑπ’
1826 1211 2065 1306 Εὐρυ-

129 1321 384 1405 σθέως,
416 1323 587 1405 ἔχων
613 1314 865 1398 αὐτοὺς
899 1307 1115 1404 ἦλθεν
1156 1324 1248 1400 εἰς
1288 1314 1579 1407 Ἀθήνας
1617 1315 1815 1388 κάκεῖ·
1849 1340 2061 1407 προσ·-
2087 1337 2121 1389 5

130 1419 377 1510 φυγῶν
417 1434 555 1501 τοῖς
594 1430 784 1501 θεοῖς
826 1425 974 1507 ἔσχε
1014 1419 1137 1508 τὴν
1179 1417 1557 1508 ἀσφάλειαν
1597 1427 2063 1509 Δημοφῶντος

127 1530 246 1611 τῆς
273 1521 530 1604 πόλεως
556 1528 984 1613 κρατοῦντος.
1014 1525 1338 1614 Κοπρέως
1365 1523 1441 1592 δὲ
1481 1530 1604 1593 τοῦ
1642 1521 2063 1615 Εὐρυσθέως

125 1625 423 1717 κήρυκος
454 1621 765 1695 ἀποσπᾶν
789 1626 1110 1705 θέλοντος
1137 1623 1294 1706 τούς
1324 1628 1540 1706 ἱκέτας
1566 1626 1907 1696 ἐκώλυσεν
1934 1622 2064 1695 αὐ-

125 1728 280 1797 τόν·
330 1721 368 1798 ὃ
394 1726 469 1796 δὲ
498 1723 765 1817 ἀπῆλθε
806 1725 1100 1815 πόλεμον
1142 1723 1506 1817 ἀπειλήσας
1546 1730 2059 1818 προσδέχεσθαι.

121 1837 482 1918 Δημοφῶν
511 1829 586 1900 δὲ
610 1830 858 1900 τούτου
884 1829 1009 1918 μὲν
1036 1826 1367 1920 ὠλιγώρει
1386 1852 1401 1868 ·
1429 1837 1747 1921 χρησμῶν
1774 1831 1850 1900 δὲ
1876 1827 2060 1923 αὐτῷ
2086 1847 2148 1898 10

125 1931 526 2024 νικηφόρων
570 1933 1034 2022 γενηθέντων,
1083 1931 1204 2004 ἐὰν
1243 1933 1555 2024 Δήμητρι
1608 1931 1733 2022 τὴν
1788 1929 2063 2023 εὐγενε-

123 2035 381 2125 στάτην
407 2038 776 2126 παρθένων
804 2034 1060 2126 σφάξῃ,
1091 2052 1228 2118 τοῖς
1274 2034 1498 2126 λόγοις
1537 2036 1797 2127 βαρέως
1837 2042 2059 2123 ἔσχεν·

124 2136 290 2209 οὔτε
316 2136 443 2229 γὰρ
474 2143 658 2210 ἰδίαν
687 2135 846 2208 οὔτε
873 2144 1010 2208 τῶν
1037 2147 1331 2209 πολιτῶν
1357 2166 1538 2218 τινος
1569 2139 1915 2229 θυγατέρα
1942 2137 2063 2225 χοὶ-

123 2270 245 2331 ριν
273 2247 410 2310 τῶν
439 2244 678 2311 ἱκετῶν
705 2237 1096 2311 ἀποκτεῖναι
1126 2246 1395 2312 δίκαιον
1434 2238 1678 2331 ἡγεῖτο.
1736 2238 1860 2329 τὴν
1886 2268 2062 2329 μαν-

122 2350 319 2415 τείαν
347 2343 421 2413 δε
448 2350 837 2435 προγνουσα
860 2350 981 2434 μία
1007 2351 1145 2413 τῶν
1172 2341 1578 2435 Ἡρακλέους
1606 2349 1871 2414 παίδων
1897 2352 2144 2413 Moe-15

122 2453 367 2573 καρία,
410 2444 532 2517 τὸν
571 2446 874 2517 θανατον
929 2448 1249 2530 ἑκουσίως
1305 2443 1580 2535 ὑπέστη.
1630 2444 1882 2534 ταύτην
1934 2445 2059 2535 μὲν

123 2579 260 2620 ουν
289 2546 586 2638 εὐγενῶς
623 2546 1114 2619 αποθανοῦσαν
1156 2554 1506 2640 ἐτίμησαν·
1566 2545 1759 2618 αὐτοὶ
1787 2546 1863 2616 δὲ
1901 2546 2061 2627 τοὺς

122 2658 490 2740 πολεμίους
531 2651 914 2743 ἐπιγνόντες
967 2651 1335 2743 παρόντας,
1379 2659 1473 2735 εἰς
1511 2649 1635 2740 τὴν
1670 2649 1886 2739 μάχην
1925 2645 2061 2738 ῶρ-

22 2818 24 2823 .
125 2776 378 2845 μησαν.
