2492 3900
654 159 1068 217 ΗΡΑΚΛΙΙΣ
1105 162 1719 222 ΜΑΙΝΟΜΕΝΟΣ

408 327 484 398 τὸ
514 336 828 396 λοίσθιον
857 327 933 396 δὲ
976 328 1312 418 Ταινάρου
1341 329 1453 398 διὰ
1481 330 1690 418 στόμα

414 426 639 517 βέβηκ’
672 433 740 510 ές
763 425 1000 498 ’Ἅιδου
1029 429 1146 504 τὸν
1177 427 1595 519 τρισώματον
1623 431 1799 502 κύνα

411 539 504 611 είς
536 559 684 619 φως
711 528 1010 617 ἀνάξων,
1042 538 1249 601 ἔνθεν
1278 529 1402 620 οὐχ
1428 529 1577 620 ἥκει
1606 534 1825 606 πάλιν.

408 635 629 721 γέρων
657 633 734 702 δὲ
761 633 846 721 δή
873 661 970 714 τις
999 640 1138 702 ἔστι
1164 639 1528 722 Καδμείων
1557 634 1760 738 λόγος

410 731 498 816 ὥς
525 725 613 822 ἦν
641 733 852 823 πάρος
878 742 1140 825 Δίρκης
1171 763 1272 815 τις
1307 731 1609 824 εὐνάτωρ
1634 719 1858 818 Λύκος

408 834 533 924 τὴν
559 835 993 924 ἑπτάπυργον
1019 837 1220 926 τήνδε
1249 831 1592 921 δεσπόζων
1626 839 1845 926 πόλιν,

414 936 504 1007 τιὸ
534 938 942 1007 λευκοπώλω
971 941 1137 1027 πρὶν
1164 946 1579 1027 τυραννῆσαι
1612 941 1859 1026 χθονὸς

401 1036 699 1128 Ἀμφίον’
731 1036 854 1128 ἠδὲ
879 1047 1114 1128 Ζῆθον
1143 1041 1397 1128 ἐκγόνω
1424 1040 1611 1121 Διός.

411 1133 497 1211 οὗ
524 1138 774 1210 ταύτὸν
799 1139 1012 1230 ὄνομα
1041 1157 1196 1223 παῖς
1223 1140 1476 1231 πατρὸς
1502 1148 1927 1232 κεκλημένος,

409 1249 746 1331 Καδμεῖος
775 1241 900 1313 οὐκ
929 1241 1048 1332 ὤν,
1089 1241 1238 1313 ἀλλ’
1278 1239 1381 1313 ἀπ’
1412 1241 1710 1333 Εὐβοίας
1743 1246 1990 1334 μολω’ν,

411 1353 659 1415 κτείνει
691 1348 997 1433 Κρέοντα
1032 1349 1145 1415 καὶ
1173 1345 1441 1416 κτανὼν
1473 1343 1660 1435 ἄρχει
1687 1350 1955 1437 χθονός,

413 1446 640 1517 στάσει
666 1455 1009 1518 νοσοῦσαν
1035 1446 1226 1535 τήνδ’
1266 1447 1682 1518 έπεισπεσῶν
1712 1450 1929 1520 πόλιν.

412 1546 573 1639 ἡμῖν
601 1547 677 1618 δὲ
707 1556 913 1637 κῆδος
941 1557 1035 1631 είς
1060 1547 1334 1639 Κρέοντ’
1370 1548 1755 1640 ἀνημμένον

417 1649 628 1721 κακὸν
651 1654 990 1740 μέγιστον,
1021 1648 1110 1732 ὥς
1138 1658 1335 1739 ἔοικε,
1365 1660 1687 1741 γίγνεται.

417 1750 676 1841 τούμοῦ
710 1752 839 1841 γαρ
871 1749 1063 1834 ὄντος
1093 1753 1333 1835 παιδὸς
1362 1757 1437 1824 ἐν
1462 1769 1697 1842 μυχοῖς
1723 1753 1971 1842 χθονὸς

415 1851 452 1926 ὁ
483 1852 712 1934 καινὸς
756 1849 965 1939 οὗτος·
994 1862 1196 1944 τῆσδε
1220 1863 1344 1944 γῆς
1372 1853 1599 1946 ἅρχων
1624 1857 1849 1936 Λύκος

419 1956 577 2039 τοὺς
596 1955 1032 2047 Ἡρακλείους
1060 1966 1303 2040 παῖδας
1333 1962 1580 2041 ἐξελεῖν
1605 1962 1796 2028 θέλει

416 2057 685 2131 κτανών
714 2059 1018 2150 δάμαρτά
1044 2056 1150 2147 θ’,
1185 2058 1273 2141 ὥς
1302 2061 1493 2154 φόνῳ
1521 2062 1726 2150 σβέσῃ
1756 2060 1993 2151 φόνον,

301 2222 313 2227 -
401 2158 590 2251 κᾶμ’,
621 2171 690 2231 εἰ
710 2190 772 2231 τι
802 2161 886 2250 δὴ
913 2159 1040 2253 χρὴ
1068 2159 1216 2253 κᾶμ’
1252 2166 1327 2233 ἐν
1354 2160 1684 2251 ἀνδράσιν
1708 2164 1933 2252 λέγειν

419 2261 682 2355 γέροντ’
715 2261 1004 2355 ἀχρεῖον,
1034 2264 1124 2354 μή
1151 2260 1317 2336 ποθ’
1354 2262 1484 2335 οἵδ’
1516 2262 1938 2356 ἠνδρωμένοι

419 2365 761 2455 μήτρωσιν
789 2367 1208 2458 ἐκπράξωσιν
1235 2372 1510 2455 αἵματος
1539 2372 1757 2455 δίκην.

421 2466 552 2555 ἐγὼ
583 2470 680 2556 δέ,
711 2474 928 2540 λείπει
954 2470 1083 2560 γάρ
1113 2496 1197 2559 με
1224 2467 1438 2539 τοῖσδ’
1473 2472 1547 2538 ἐν
1576 2470 1835 2557 δώμασι

421 2568 676 2660 τροφὸν
702 2572 960 2641 τέκνων
986 2572 1327 2659 οἰκουρόν,
1357 2567 1558 2659 ἡνίκα
1583 2570 1830 2659 χθονὸς

421 2676 744 2761 μέλαιναν
778 2670 1046 2763 ὄρφνην
1075 2676 1408 2761 εἰσέβαινε
1436 2689 1590 2753 παῖς
1620 2673 1792 2761 ἐμός,

419 2774 550 2843 σὺν
576 2782 796 2864 μητρί,
825 2779 1029 2847 τέκνα
1053 2774 1143 2864 μὴ
1172 2772 1431 2845 θάνωσ’
1456 2772 1881 2863 Ἡρακλέους,

419 2874 652 2966 βωμὸν
679 2885 934 2967 καθίζω
962 2879 1160 2950 τόνδε
1188 2885 1485 2967 σωτῆρος
1511 2878 1701 2965 Διός,

421 2975 502 3049 ὃν
530 2986 924 3051 καλλινίκου
953 2979 1154 3070 δορὸς
1185 2976 1416 3105 ἄγαλμ’
1454 2980 1773 3069 ἱδρύσατο

419 3084 697 3163 Μινύας
724 3084 1056 3172 κρατήσας
1084 3079 1293 3171 οὑμὸς
1324 3080 1605 3171 εὐγενὴς
1641 3082 1853 3163 τόκος.

420 3185 697 3255 πάντων
724 3186 802 3254 δὲ
827 3200 1039 3274 χρεῖοι
1066 3182 1257 3254 τάσδ’
1297 3188 1497 3274 εδρας
1529 3184 1983 3289 φυλάσσομεν,

419 3295 628 3357 σίτων
655 3315 884 3359 ποτων
911 3291 1212 3377 ἐσθῆτος,
1245 3284 1563 3378 ἀστρώτω
1592 3289 1775 3378 πέδω

423 3388 718 3479 πλευρας
746 3393 1076 3471 τιθέντες·
1109 3394 1182 3460 ἐκ
1209 3388 1339 3479 γὰρ
1368 3388 1883 3477 ἐσφραγισμένοι

421 3492 650 3581 δόμων
677 3490 1021 3581 καθήμεθ’
1057 3490 1306 3584 ἀπορίᾳ
1333 3498 1680 3579 σωτηρίας.

2069 160 2191 226 325

2126 555 2192 606 25

2125 1063 2196 1115 30

2130 1573 2196 1624 35

2132 2076 2305 2130 40‘

2136 2587 2202 2639 45

2141 3100 2201 3150 50
