2492 3900
275 96 404 161 386
1081 95 1497 153 ΙΚΕΤΙΔΕΣ

502 263 788 353 περισσὰ
815 270 1068 351 φωνῶν
1086 286 1100 300 ·
1143 260 1267 331 τὸν
1293 260 1423 350 γὰρ
1458 259 1747 351 ἄγγελον
1774 264 1995 352 χρεων

503 364 776 450 λέξανθ’
811 362 916 437 ὅσ’
949 360 1037 435 ἂν
1062 364 1222 454 τάξῃ
1249 390 1350 445 τις
1378 360 1470 445 ὥς
1498 366 1692 453 τάχος
1718 365 1926 435 πάλιν

501 484 768 559 χωρεῖν.
827 466 901 538 τὸ
931 466 1169 538 λοιπὸν
1197 463 1264 534 δ’
1300 472 1395 548 είς
1423 465 1593 555 ἐμὴν
1620 466 1822 537 πόλιν
1848 471 2098 557 Κρέων

506 561 719 660 ἧσσον
745 570 952 641 λάλον
977 590 1104 639 σου
1134 569 1447 656 πεμπέτω
1472 566 1610 637 τιν’
1644 566 1955 657 ἄγγελον.

275 682 416 745 ΧΟ.
498 680 635 761 φεῦ
664 680 827 762 φεῦ·
861 685 1172 742 κακοῖσιν
1199 666 1291 751 ὥς
1318 666 1481 740 ὅταν
1510 677 1775 759 δαίμων
1802 678 1973 764 διδῷ

501 783 754 863 καλῶς,
783 770 1131 864 ὑβρίζουσ’
1165 769 1256 852 (ὃς
1284 769 1391 841 ἀεὶ
1416 773 1781 862 πράξοντες
1813 764 1912 842 εὖ.

278 886 424 948 ΚΗ.
499 873 756 965 λέγοιμ’
789 872 876 945 ἂν
902 870 1053 964 ἤδη.
1119 881 1259 944 τῶν
1285 874 1411 963 μὲν
1436 872 1924 963 ἠγωνισμένων

502 980 610 1049 σοὶ
636 979 762 1068 μὲν
790 984 1070 1048 δοκείτω
1097 974 1314 1063 ταῦτ’,
1342 979 1489 1064 ἐμοὶ
1516 978 1593 1047 δὲ
1620 974 1878 1047 τάντία.

506 1079 636 1169 ἐγώ
666 1079 734 1151 δ’
768 1077 1054 1151 ἀπαυδῶ
1081 1086 1212 1159 πᾶς
1237 1106 1313 1147 τε
1346 1085 1681 1168 Καδμεῖος
1708 1078 1878 1160 λεώς

488 1179 866 1273 Ἀδραστον
895 1189 988 1263 είς
1013 1188 1146 1269 γῆν
1171 1180 1373 1269 τήνδε
1400 1180 1491 1269 μὴ
1518 1182 1833 1270 παριέναι
1850 1203 1866 1217 ·

510 1291 573 1353 εί
595 1282 662 1355 δ’
701 1290 883 1355 ἔστιν
913 1288 989 1355 ἐν
1020 1291 1142 1375 γῇ,
1169 1285 1334 1372 πρὶν
1360 1290 1533 1354 θεοῦ
1564 1290 1769 1354 δῦναι
1796 1286 2014 1372 σέλας,

507 1386 806 1456 λύσαντα
831 1385 1045 1475 σεμνὰ
1071 1384 1465 1473 στεμμάτων
1495 1388 1760 1473 ίκτήρια

505 1485 696 1575 τῆσδ’
733 1488 1118 1571 ἐξελαύνειν
1143 1484 1305 1576 μηδ’
1338 1484 1767 1577 ἀναιρεῖσθαι
1794 1488 2084 1579 νεκροὺς

505 1598 655 1681 βίᾳ,
684 1594 1026 1682 προσῆκόν
1057 1585 1126 1679 γ’
1157 1586 1365 1659 οὐδὲν
1385 1587 1708 1679 Ἀργείων
1734 1589 1945 1661 πόλει.
2040 1616 2053 1622 ·

506 1688 635 1762 κᾶν
661 1694 786 1780 μὲν
812 1700 986 1784 πίθῃ
1013 1720 1158 1781 μοι,
1189 1692 1507 1780 κυμάτων
1537 1689 1694 1781 ἄτερ
1727 1692 1927 1762 πόλιν

505 1794 633 1882 σὴν
663 1795 1133 1883 ναυστολήσεις
1151 1816 1166 1831 ·
1198 1800 1264 1864 εί
1286 1795 1363 1864 δὲ
1392 1794 1517 1882 μή,
1549 1792 1762 1876 πολὺς
1788 1796 2067 1866 κλύδων

505 1893 667 1986 ἡμῖν
693 1925 764 1968 τε
793 1900 908 1968 καὶ
933 1899 1043 1970 σοὶ
1068 1896 1431 1986 συμμάχοις
1460 1895 1519 1966 τ’
1554 1903 1737 1967 ἔσται
1766 1897 1984 1989 δορός.

505 2001 746 2082 σκέψαι
775 2001 852 2070 δὲ
877 2004 991 2070 καὶ
1016 1999 1109 2088 μὴ
1139 2014 1277 2080 τοῖς
1312 2002 1493 2088 ἐμοῖς
1523 1996 1957 2088 θυμούμενος

505 2101 841 2190 λόγοισιν,
875 2099 964 2184 ὥς
993 2101 1078 2191 δὴ
1107 2102 1309 2173 πόλιν
1338 2105 1712 2193 ἐλευθέραν
1742 2109 1935 2191 ἔχων,

505 2202 877 2292 σφριγῶντ’
909 2201 1162 2294 ἀμείψῃ
1189 2211 1424 2292 μῦθον
1456 2209 1530 2274 ἐκ
1558 2205 1961 2294 βραχιόνων.

510 2306 695 2386 έλπὶς
723 2313 989 2394 βροτοῖς
1017 2305 1370 2394 κάκιστον,
1402 2303 1446 2395 ἣ
1472 2305 1720 2388 πολλὰς
1752 2306 1977 2388 πόλεις

509 2404 791 2495 συνῆψ’,
820 2404 1078 2497 ἄγουσα
1105 2407 1339 2496 θυμὸν
1368 2415 1462 2490 εἰς
1488 2403 1889 2499 ὑπερβολάς.

505 2505 672 2580 ὅταν
698 2509 827 2601 γὰρ
858 2517 1029 2601 ἔλθῃ
1058 2510 1346 2598 πόλεμος
1378 2517 1471 2592 εἰς
1496 2518 1730 2599 ψῆφον
1762 2510 1924 2598 λεω’,

507 2609 735 2694 οὐδεὶς
763 2611 874 2684 ἔθ’
909 2610 1122 2684 αὑτοῦ
1148 2612 1454 2682 θάνατον
1483 2616 1909 2700 ἐκλογίζεται,

508 2713 582 2784 τό
616 2715 939 2802 δυστυχὲς
967 2715 1043 2785 δὲ
1063 2711 1260 2784 τοῦτ’
1292 2717 1359 2796 ἐς
1386 2712 1595 2786 ἄλλον
1624 2718 1928 2806 ἐκτρέπει
1945 2737 1959 2751 ·

510 2821 573 2884 εἰ
598 2814 660 2884 δ’
694 2807 784 2905 ἦν
810 2813 971 2905 παρ’
1006 2813 1184 2906 ὄμμα
1217 2816 1512 2898 θάνατος
1542 2820 1617 2886 ἐν
1642 2817 1882 2906 ψήφου
1914 2825 2119 2910 φορᾷ,

504 2914 630 2987 οὐκ
663 2915 748 2986 ἄν
783 2915 948 2988 ποθ’
975 2915 1203 3001 Ἑλλὰς
1236 2918 1601 3009 δοριμανὴς
1629 2917 2007 3000 ἀπώλλυτο.

510 3027 730 3090 καίτοι
762 3027 959 3092 δυοῖν
987 3049 1066 3111 γε
1093 3021 1337 3102 πάντες
1366 3019 1723 3111 ἄνθρωποι
1754 3022 1985 3110 λόγοιν

507 3121 627 3192 τὸν
653 3122 992 3213 κρείσσον’
1027 3135 1221 3213 ἴσμεν
1247 3126 1364 3193 καὶ
1389 3123 1471 3194 τὰ
1497 3121 1749 3213 χρηστά
1777 3126 1890 3193 καὶ
1915 3124 2113 3210 κακά,

511 3221 650 3317 ὅσῳ
677 3254 749 3296 τε
779 3229 1074 3316 πολέμου
1101 3241 1419 3317 κρεῖσσον
1449 3226 1681 3316 εἰρήνη
1708 3235 1975 3316 βροτοῖς
1993 3249 2009 3263 ·

506 3322 553 3412 ἢ
579 3335 808 3417 πρῶτα
834 3329 958 3416 μὲν
985 3329 1337 3399 Μούσαισι
1370 3327 1935 3419 προσφιλεστάτη,

511 3426 726 3511 γόοισι
755 3427 820 3497 δ’
857 3431 1103 3518 ἐχθρά,
1133 3432 1442 3518 τέρπεται
1472 3427 1539 3499 δ’
1572 3424 1914 3519 εὐπαιδίᾳ,

2204 890 2299 947 465

2200 1401 2299 1457 470

2199 1910 2294 1970 475

2202 2935 2298 2990 485

2202 3445 2299 3498 490
