2492 3900
1062 154 1370 213 EAENH
2077 148 2198 214 217

192 335 347 398 ΜΕ.
420 331 718 404 πείσειας
754 320 838 392 ἅν
871 319 1003 392 τιν’
1036 327 1278 403 οἵτινες
1307 322 1727 410 τετραζύγων

148 441 155 447 ’
420 424 598 514 ὄχων
629 421 1023 512 ἀνάσσουσ’,
1054 421 1223 494 ὥστε
1251 431 1393 518 νῷν
1421 430 1660 493 δοῦναι
1687 430 2012 516 δίφρους;
2067 441 2202 495 1040

191 539 327 597 EA.
426 524 724 614 πείσαιμ’
760 523 877 595 ἄν·
911 521 1078 596 ἀλλὰ
1107 534 1259 596 τίνα
1287 524 1520 616 φυγὴν
1548 527 1987 615 φευξούμεθα

422 636 678 700 πεδίων
708 625 971 717 ἄπειροι
999 628 1350 717 βαρβάρου
1377 625 1436 698 τ’
1472 624 1660 710 ὅντες
1685 629 1968 716 χθονός;

188 741 348 800 ΜΕ.
423 728 764 802 ἀδύνατον
796 729 1003 812 εἶπας.
1036 732 1235 820 φέρε,
1266 736 1338 799 τί
1362 725 1427 799 δ’
1463 736 1526 800 εἰ
1547 733 1886 820 κρυφθεὶς
1914 731 2141 819 δόμοις

423 830 730 922 κτάνοιμ’
766 829 1018 902 ἄνακτα
1044 837 1216 920 τῷδε
1244 831 1537 924 διστόμῳ
1565 835 1780 919 ξίφει;

185 943 328 1004 ΕΛ.
425 933 551 1005 οὐκ
590 929 677 1002 ἄν
713 929 780 1003 σ’
822 929 1164 1020 ἀνάσχοιτ’
1205 928 1369 1000 οὐδὲ
1405 931 1734 1018 σιγήσειεν
1770 929 1857 1001 ἄν
2068 952 2202 1004 1045

420 1033 726 1126 μέλλοντ’
766 1033 1027 1125 ἀδελφὴ
1057 1034 1396 1123 σύγγονον
1426 1049 1884 1104 κατακτανεῖν.

190 1147 349 1208 ME.
422 1135 571 1207 ἀλλ’
607 1134 770 1207 οὐδὲ
794 1136 930 1225 μὴν
956 1145 1124 1217 ναῦς
1154 1143 1336 1206 ἔστιν
1362 1126 1406 1226 ᾗ
1433 1146 1773 1224 σωθεῖμεν
1801 1131 1886 1204 ἄν

422 1240 821 1328 φεύγοντες·
857 1235 944 1327 ἢν
973 1237 1100 1328 γὰρ
1130 1248 1396 1328 εἴχομεν
1421 1237 1709 1307 θάλασσ’
1747 1245 1899 1326 ἔχει.

184 1347 325 1409 ΕΛ.
426 1338 720 1412 ἄκουσον
737 1392 755 1429 ,
790 1336 879 1427 ἥν
906 1369 969 1410 τι
997 1343 1109 1409 καὶ
1136 1340 1311 1430 γυνὴ
1338 1342 1492 1430 λέξῃ
1519 1340 1756 1428 σοφόν.

421 1443 653 1531 βούλει
681 1445 1001 1530 λέγεσθαι
1030 1442 1119 1531 μὴ
1148 1442 1389 1513 θανών
1421 1445 1861 1530 τεθνηκέναι;
2069 1457 2204 1510 1050

183 1553 346 1612 ME.
416 1542 621 1626 κακὸς
647 1543 771 1631 μὲν
803 1540 989 1634 ὅρνις
1008 1566 1023 1581 ·
1066 1551 1129 1614 εἰ
1156 1544 1232 1614 δὲ
1259 1551 1566 1635 κερδανῶ
1607 1548 1896 1630 [λέγειν],

420 1647 682 1734 ἕτοιμός
711 1653 845 1734 εἰμι
882 1645 972 1732 μὴ
1011 1646 1252 1717 θανών
1279 1648 1456 1740 λόγῳ
1484 1657 1748 1721 θανεῖν.

183 1755 325 1815 ΕΛ.
423 1749 539 1818 καὶ
569 1746 705 1836 μὴν
731 1757 1143 1836 γυναικείοις
1173 1746 1238 1818 σ’
1277 1745 1361 1819 ἂν
1389 1755 1850 1838 οἰκτισαίμεθα

418 1865 733 1939 κουραῖσι
759 1852 873 1920 καὶ
900 1850 1218 1940 θρήνοισι
1242 1849 1410 1940 πρὸς
1436 1849 1557 1920 τὸν
1583 1847 1880 1921 ἀνόσιον.

184 1960 346 2021 ΜΕ.
421 1960 753 2042 σωτηρίας
785 1953 860 2022 δὲ
889 1949 1071 2023 τοῦτ’
1105 1960 1239 2041 ἔχει
1266 1960 1337 2021 τί
1365 1959 1507 2045 νῷν
1535 1949 1726 2037 ἅκοςς
2067 1967 2202 2019 1055

426 2054 787 2143 παλαιότης
815 2052 943 2145 γὰρ
972 2062 1063 2148 τῷ
1096 2055 1274 2147 λόγῳ
1302 2050 1369 2142 γ’
1403 2060 1628 2123 ἔνεστί
1652 2080 1770 2134 τις.

182 2164 323 2226 ΕΛ.
424 2152 513 2237 ὦς
541 2154 624 2244 δὴ
651 2157 955 2226 θανόντα
983 2153 1047 2227 σ’
1085 2156 1352 2227 ἐνάλιον
1386 2162 1561 2250 κενῷ
1589 2155 1780 2248 τάφῳ

419 2258 640 2341 θάψαι
668 2258 1008 2350 τύραννον
1034 2264 1238 2347 τῆσδε
1265 2265 1388 2347 γῆς
1413 2258 1782 2347 αἰτήσομαι.

184 2366 340 2428 IWE.
410 2361 525 2429 καὶ
558 2359 642 2448 δὴ
672 2374 993 2451 παρεῖκεν
1011 2383 1025 2399 ·
1060 2360 1201 2431 εἶτα
1228 2367 1370 2443 πῶς
1395 2358 1563 2431 ἄνευ
1589 2358 1758 2440 νεώς

420 2461 919 2551 σωθησόμεσθα
947 2459 1432 2550 κενοταφοῦντ’
1464 2460 1627 2549 ἐμὸν
1654 2462 1892 2547 δέμας;
2071 2476 2206 2528 1060

185 2570 321 2633 ΕΛ.
420 2568 660 2634 δοῦναι
686 2562 985 2635 κελεύσω
1012 2560 1374 2654 πορθμίδ’,
1406 2553 1452 2653 ᾖ
1477 2562 1867 2649 καθήσομεν

420 2664 671 2753 κόσμον
698 2666 890 2759 τάφῳ
918 2674 1014 2760 σῷ
1042 2673 1361 2753 πελαγίας
1391 2668 1457 2745 ἐς
1485 2660 1794 2753 ἀγκάλας.

185 2776 340 2837 ME.
416 2764 507 2851 ὥς
534 2760 614 2837 εὖ
642 2766 788 2838 τόδ’
824 2767 1011 2850 εἶπας
1038 2765 1215 2855 πλὴν
1243 2770 1319 2837 ἕν
1337 2789 1351 2804 ·
1392 2772 1456 2835 εἰ
1476 2769 1692 2858 χέρσῳ
1723 2763 1938 2853 ταφὰς

419 2880 651 2939 θεῖναι
684 2871 949 2941 κελεύει
982 2868 1075 2958 σ’,
1107 2866 1314 2940 οὐδὲν
1341 2866 1383 2958 ἡ
1413 2876 1656 2957 σκῆψις
1684 2870 1898 2957 φέρει.
2154 2946 2158 2949 ,

185 2979 327 3043 ΕΛ.
426 2969 576 3041 ἀλλ’
611 2968 695 3042 ού
722 2980 1020 3061 νομίζειν
1054 2973 1360 3062 φήσομεν
1388 2968 1553 3042 καθ’
1583 2967 1865 3039 Ἐλλάδα
2075 2985 2206 3039 1065

419 3076 637 3167 χέρσῳ
663 3074 1033 3145 καλύπτειν
1064 3072 1223 3155 τοὺς
1249 3073 1589 3155 θανόντας
1617 3075 1945 3151 ἐναλίους.

187 3184 347 3246 ΜΕ.
420 3173 605 3245 τοῦτ’
639 3167 731 3247 αὖ
757 3186 1149 3269 κατορθοῖς·
1182 3174 1301 3245 εἶτ’
1334 3174 1464 3264 ἐγώ
1492 3172 2000 3263 συμπλεύσομαι

421 3280 539 3349 καὶ
566 3279 980 3367 συγκαθήσω
1009 3279 1264 3368 κόσμον
1291 3280 1365 3347 ἐν
1393 3274 1614 3370 ταύτῷ
1640 3276 1906 3364 σκάφει.

182 3386 325 3451 ΕΛ.
424 3380 500 3451 σὲ
527 3383 641 3451 καὶ
667 3396 981 3471 παρεῖναι
1010 3386 1119 3451 δεῖ
1140 3379 1423 3469 μάλιστα
1451 3380 1605 3461 τούς
1632 3406 1704 3448 τε
1731 3375 1894 3457 σοὺς

426 3489 781 3571 πλωτῆρας
809 3488 1001 3572 οἵπερ
1032 3490 1292 3573 ἔφυγον
1323 3486 1396 3551 ἐκ
1423 3487 1772 3568 ναυαγίας.
2073 3490 2208 3545 1070
