2492 3900
1065 135 1393 195 BAKXAI
2118 137 2203 203 99

417 321 493 387 ἐν
521 324 888 387 ποικίλαισι
917 324 1180 409 νεβρίσι
1217 322 1569 407 Τειρεσίαν
1596 312 1734 407 ὁρῶ

416 422 669 508 πατέρα
697 446 768 489 τε
796 418 1043 510 μητρὸς
1068 426 1182 507 τῆς
1212 422 1405 507 ἐμῆς,
1434 416 1653 489 πολὺν
1679 421 1918 509 γέλων,
2096 439 2201 493 250

421 521 718 611 νάρθηκι
743 517 1130 610 βακχεύοντ’
1149 543 1165 559 ·
1211 518 1569 607 ἀναίνομαι
1614 520 1867 611 [πάτερ]

417 621 490 693 τὸ
521 630 732 713 γῆρας
757 620 954 711 ὑμῶν
984 628 1267 713 εἰσορῶν
1292 628 1463 692 νοῦν
1492 619 1619 691 οὐκ
1654 630 1827 711 ἔχον.

417 721 542 793 οὐκ
572 722 988 808 ἀποτινάξεις
1016 723 1289 809 κισσόν;
1328 721 1455 793 οὐκ
1485 726 1859 815 ἐλευθέραν

414 826 685 918 θύρσου
711 828 1030 916 μεθήσεις
1055 825 1240 916 χεῖρ’,
1272 829 1431 914 ἐμῆς
1458 824 1703 918 μητρὸς
1730 826 1972 918 πάτερ;

414 927 502 997 σύ
531 926 708 998 ταῦτ’
743 936 1042 1018 ἔπεισας,
1089 934 1430 1020 Τειρεσία·
1466 927 1655 999 τόνδ’
1693 920 1783 999 αὖ
1814 933 2040 1013 θέλεις
2092 948 2193 1001 255

412 1028 530 1101 τὸν
560 1029 816 1119 δαίμον’
849 1029 1323 1121 ἀνθρώποισιν
1352 1032 1685 1121 εἰσφέρων
1711 1034 1869 1102 νέον

412 1148 689 1204 σκοπεῖν
713 1131 1095 1224 πτερωτούς
1123 1129 1501 1225 κάμπύρων
1532 1131 1824 1223 μισθοὺς
1857 1136 2113 1226 φέρειν.

413 1240 477 1303 εἰ
497 1235 588 1323 μή
615 1257 690 1305 σε
717 1244 928 1327 γῆρας
953 1234 1192 1306 πολιὸν
1223 1233 1596 1327 ἐξερρύετο,

413 1334 664 1425 καθῆσ’
695 1333 780 1407 ἂν
809 1342 883 1407 ἐν
914 1337 1240 1425 Βάκχαισι
1271 1341 1537 1426 δέσμιος
1564 1339 1813 1426 μέσαις,

411 1436 673 1520 τελετάς
699 1438 998 1528 πονηρὰς
1027 1440 1314 1529 εἰσάγων
1331 1464 1345 1478 ·
1397 1442 1664 1527 γυναιξὶ
1692 1439 1824 1530 γὰρ
2088 1456 2191 1514 260

411 1535 581 1610 ὅπου
609 1541 896 1631 βότρυος
924 1546 998 1611 ἐν
1028 1544 1209 1611 δαιτὶ
1239 1548 1541 1632 γίγνεται
1570 1544 1793 1630 γάνος,

409 1638 532 1729 οὐχ
559 1639 744 1731 ὑγιὲς
773 1640 980 1714 οὐδὲν
1005 1650 1102 1715 ἔτι
1130 1647 1303 1734 λέγω
1333 1651 1470 1715 τῶν
1497 1643 1777 1734 ὀργίων.

161 1750 316 1815 XO.
400 1750 515 1831 τῆς
544 1750 957 1833 δυσσεβείας.
1013 1736 1066 1815 ῶ
1093 1744 1244 1835 ξέν’,
1273 1744 1400 1817 οὐκ
1428 1752 1607 1817 αίδεῖ
1630 1743 1837 1825 θεοὺς

403 1846 684 1935 Κάδμον
711 1874 782 1915 τε
807 1845 928 1916 τόν
953 1855 1321 1938 σπείραντα
1348 1856 1601 1936 γηγενῆ
1627 1848 1913 1934 στάχυν;

397 1942 684 2036 Ἐχίονος
712 1944 778 2018 δ’
815 1944 912 2017 ῶν
940 1965 1095 2031 παῖς
1122 1951 1585 2038 καταισχύνεις
1614 1952 1846 2037 γένος;
2082 1967 2183 2026 265

171 2057 348 2119 TEI.
405 2046 570 2119 ὅταν
597 2049 768 2140 λάβῃ
795 2077 893 2132 τις
919 2057 1058 2120 τῶν
1085 2047 1307 2139 λόγων
1337 2049 1509 2142 ἀνὴρ
1537 2049 1751 2139 σοφὸς

401 2150 608 2233 καλάς
635 2147 972 2242 ἀφορμάς,
1008 2149 1092 2222 ού
1118 2151 1257 2242 μέγ’
1289 2161 1491 2244 ἔργον
1518 2144 1598 2224 εὖ
1624 2156 1877 2241 λέγειν·

400 2253 485 2323 σύ
517 2250 582 2323 δ’
617 2249 937 2346 εὔτροχον
964 2255 1090 2343 μὲν
1115 2262 1427 2343 γλῶσσαν
1459 2253 1549 2337 ῶς
1577 2263 1857 2348 φρονῶν
1884 2261 2075 2344 ἔχεις,

401 2360 475 2425 ἐν
500 2370 638 2439 τοῖς
665 2357 923 2444 λόγοισι
952 2355 1017 2427 δ’
1049 2355 1177 2429 ούκ
1207 2364 1421 2430 ἔνεισί
1442 2381 1548 2429 σοι
1578 2360 1841 2450 φρένες.

397 2457 663 2550 θρασύς
689 2485 762 2528 τε
790 2459 1080 2540 δυνατὸς
1106 2461 1220 2530 καὶ
1245 2464 1472 2549 λέγειν
1501 2456 1639 2542 οἷός
1666 2459 1723 2530 τ’
1760 2457 1932 2550 ἀνὴρ
2076 2475 2177 2530 270

397 2558 601 2643 κακὸς
627 2567 902 2650 πολίτης
928 2569 1228 2650 γίγνεται
1255 2570 1429 2632 νοῦν
1457 2560 1585 2632 οὐκ
1615 2569 1806 2650 ἔχων.

397 2652 595 2744 οὗτος
622 2659 689 2732 δ’
722 2661 758 2734 ὁ
788 2669 1049 2752 δαίμων
1076 2661 1111 2734 ὁ
1140 2668 1290 2745 νέος
1316 2659 1399 2733 ὃν
1423 2661 1509 2734 σύ
1539 2668 1871 2755 διαγελᾷς,

395 2760 521 2832 οὐκ
550 2759 635 2834 ἂν
663 2769 1000 2856 δυναίμην
1025 2768 1315 2856 μέγεθος
1344 2769 1629 2848 ἐξειπεῖν
1654 2761 1811 2847 ὅσος

395 2863 548 2936 καθ’
574 2863 833 2938 Ἑλλάδ’
866 2875 1067 2939 ἔσται.
1105 2869 1233 2939 δύο
1262 2869 1428 2960 γάρ,
1468 2859 1525 2938 ῶ
1550 2875 1809 2956 νεανία,

394 2967 473 3036 τὰ
501 2966 700 3059 πρῶτ’
733 2975 809 3040 ἐν
836 2967 1261 3060 ἀνθρώποισι
1280 2993 1294 3009 ·
1330 2971 1656 3061 Δημήτηρ
1684 2971 1847 3042 θεά·
2070 2985 2171 3041 275

397 3076 484 3158 γῆ
514 3068 580 3140 δ’
613 3076 830 3160 ἐστίν,
860 3069 1069 3161 ὄνομα
1102 3070 1169 3143 δ’
1201 3071 1527 3164 ὁπότερον
1554 3072 1787 3162 βούλει
1820 3071 2007 3142 κάλει
2026 3095 2041 3110 ·

389 3168 564 3261 αὕτη
591 3173 715 3262 μὲν
743 3178 817 3247 ἐν
845 3179 1145 3264 ξηροῖσιν
1172 3177 1481 3265 ἐκτρέφει
1509 3175 1827 3266 βροτούς·

389 3269 463 3356 ὃς
493 3274 559 3344 δ’
591 3267 806 3364 ἦλθεν
834 3279 942 3346 ἐπὶ
968 3274 1378 3348 τᾶντίπαλον
1410 3274 1446 3347 ὁ
1476 3279 1776 3367 Σεμέλης
1805 3278 2005 3368 γόνος

389 3376 676 3466 βότρυος
704 3375 920 3470 ὑγρὸν
944 3375 1111 3469 πῶμ’
1134 3369 1302 3471 ηὗρε
1328 3383 1801 3469 κείσηνέγκατο

386 3488 693 3570 θνητοῖς,
726 3476 767 3551 ὃ
793 3481 1181 3564 παύει“τούς
1205 3482 1671 3574 ταλαιπώρους
1698 3479 1985 3571 βροτοὺς
2062 3499 2166 3553 280

1769 3575 1867 3643 εχ*
