2492 3900
963 162 1375 221 ΙΚΕΤῙΔΕΣ
2034 158 2158 223 393

370 337 480 419 χοῖ
500 329 626 418 μὲν
657 330 912 421 σιδήρῳ
941 325 1362 416 διεμάχονθ’,
1394 334 1462 398 οἳ
1484 324 1557 398 δ’
1590 336 1916 419 ἔστρεφον

373 431 642 510 πω’λους
671 434 736 510 ές
762 426 976 517 ἀλκὴν
1001 421 1208 511 αὖθις
1236 434 1303 511 ἐς
1330 431 1762 519 παραιβάτας.

375 531 543 603 ίδών
571 532 647 601 δὲ
675 532 977 620 Φόρβας,
1008 528 1083 611 ὃς
1109 532 1573 619 μοναμπύκων
1601 530 1764 616 ἅναξ
2056 551 2158 606 680

371 626 458 723 ἦν
483 650 620 714 τοῖς
639 630 1200 722 Ἐρεχθείδαισιν,
1232 630 1550 722 ἁρμάτων
1579 631 1803 722 ὅχλον,

372 741 442 806 οἵ
461 734 522 805 τ’
556 726 648 804 αὖ
674 733 748 805 τὸ
783 736 1066 824 Κάδμου
1097 733 1557 823 διεφύλασσον
1590 737 1885 825 ἱππικόν,

371 844 686 926 συνῆψαν
715 834 930 925 ἀλκὴν
954 835 1343 928 κάκράτουν
1366 835 1671 926 ἡσσῶντό
1699 866 1790 907 τε.

373 939 677 1009 λεύσσων
707 940 782 1009 δὲ
811 944 1020 1009 ταῦτα
1045 936 1172 1009 κού
1202 938 1464 1027 κλύων,
1495 943 1636 1009 έκεῑ
1661 939 1789 1031 γὰρ
1819 932 1863 1029 ἦ

373 1038 524 1110 ἔνθ’
561 1037 804 1130 ἅρματ’
837 1037 1198 1130 ἠγωνίζεθ’
1228 1046 1302 1110 οἳ
1319 1037 1380 1109 τ’
1414 1038 1797 1129 ἐπεμβάται,
2052 1057 2154 1115 685

371 1139 563 1213 τάκεῖ
584 1143 885 1233 παρόντα
913 1141 1126 1213 πολλὰ
1152 1137 1425 1233 πήματ’,
1463 1139 1591 1212 οὐκ
1619 1150 1748 1229 ἔχω

370 1251 443 1314 τί
463 1252 732 1335 πρῶτον
763 1255 962 1331 εἴπω,
989 1244 1240 1335 πότερα
1266 1242 1390 1333 τὴν
1418 1248 1483 1326 ές
1510 1241 1807 1335 οὐρανὸν
1854 1294 1859 1299 ·

369 1346 566 1419 κόνιν
589 1350 1247 1438 προσαντέλλουσαν,
1280 1343 1370 1428 ὥς
1396 1345 1608 1434 πολλὴ
1636 1354 1881 1437 παρῆν,

367 1445 412 1539 ἢ
437 1449 592 1530 τούς
620 1447 762 1519 ἅνω
789 1476 860 1519 τε
887 1450 1000 1519 καὶ
1026 1449 1204 1519 κάτω
1235 1449 1704 1539 φορουμένους

374 1557 633 1639 ἱμᾶσιν,
665 1550 938 1640 αἵματός
964 1579 1037 1621 τε
1065 1558 1343 1639 φοινίου
1374 1552 1554 1640 ῥοάς,
2016 1637 2024 1643 .
2049 1567 2155 1623 690

369 1660 504 1722 τῶν
531 1652 656 1741 μὲν
683 1652 1079 1742 πιτνόντων,
1107 1661 1244 1723 τῶν
1274 1654 1349 1723 δὲ
1368 1653 1866 1743 θραυσθέντων
1886 1659 2156 1745 δίφρων

371 1760 464 1834 είς
495 1761 704 1842 κρᾶτα
733 1754 901 1841 πρὸς
927 1763 1058 1843 γῆν
1086 1754 1641 1843 ἐκκυβιστώντων
1668 1762 1786 1846 βία

365 1854 534 1945 πρὸς
562 1851 876 1944 ἁρμάτων
903 1853 964 1925 τῗ
997 1853 1230 1944 ἀγαῖσι·
1251 1854 1631 1925 λειπόντων·
1649 1863 1823 1944 βίον.

367 1964 662 2027 νικῶντα
691 1954 759 2027 δ’
793 1963 1022 2038 ἵπποις
1047 1954 1138 2039 ὥς
1163 1955 1479 2028 ὑπείδετο
1506 1956 1794 2047 στρατὸν

366 2061 612 2149 Κρέων
637 2057 757 2129 τὸν
784 2056 1086 2148 ἐνθένδ’,
1119 2061 1303 2130 ἰτέαν
1331 2060 1561 2148 λαβών
1586 2061 1733 2148 χερὶ
2050 2075 2152 2132 695

369 2175 604 2252 χωρεῖ’,
633 2163 798 2252 πρὶν
825 2164 1056 2232 ἐλθεῖν
1084 2162 1448 2252 ξυμμάχοις
1473 2167 1889 2249 δυσθυμίαν.

368 2265 483 2333 καὶ
513 2261 648 2352 μὴν
673 2261 757 2333 τὰ
786 2265 1056 2353 Θησέως
1082 2261 1150 2353 γ’
1181 2261 1310 2334 οὐκ
1338 2261 1518 2357 ὄκνῳ
1545 2262 1913 2352 διεφθάρη,

367 2361 516 2435 ἀλλ’
549 2361 670 2435 ἵετ’
710 2363 926 2447 εὐθὺς
953 2365 1204 2458 λάμπρ’
1235 2363 1628 2457 ἀναρπάσας
1658 2361 1864 2436 ὅπλα·

370 2470 484 2538 καὶ
512 2465 1008 2557 συμπατάξαντ’
1041 2470 1108 2550 ές
1131 2470 1341 2556 μέσον
1368 2469 1584 2538 πάντα
1613 2465 1901 2557 στρατὸν

369 2577 668 2640 ἔκτεινον
696 2572 1105 2656 ἐκτείνοντο,
1134 2571 1248 2639 καὶ
1278 2569 1694 2660 παρηγγύων
2049 2583 2153 2640 700

369 2669 743 2760 κελευσμὸν
771 2669 1116 2759 ἀλλήλοισι
1145 2670 1279 2740 σὺν
1305 2679 1517 2762 πολλῇ
1546 2678 1671 2760 βοῇ
1688 2693 1703 2708 ·

367 2772 577 2861 θεῖν’,
611 2770 956 2863 ἀντέρειδε
982 2789 1121 2854 τοῖς
1142 2770 1592 2864 Ἐρεχθείδαις
1621 2773 1811 2862 δόρυ.

369 2876 562 2962 λόχος
587 2873 652 2945 δ’
686 2874 989 2945 ὀδόντων
1015 2873 1220 2964 ὅφεος
1247 2878 1748 2965 ἐξηνδρωμένος

366 2976 588 3058 δεινὸς
613 2977 972 3066 παλαιστὴς
997 2969 1113 3065 ἦν·
1144 2985 1364 3048 ἔκλινε
1391 2977 1519 3067 γὰρ
1548 2981 1747 3068 κέρας

368 3077 440 3149 τὸ
472 3078 667 3148 λαιὸν
693 3074 914 3168 ἡμῶν·
948 3084 1174 3164 δεξιοῦ
1203 3077 1270 3148 δ’
1304 3077 1697 3167 ἡσσώμενον
2048 3094 2149 3151 70⁵

371 3182 613 3271 φεύγει
644 3181 719 3252 τὸ
747 3188 1028 3252 κείνων·
1062 3172 1150 3272 ἦν
1179 3179 1244 3250 δ’
1285 3178 1475 3270 ἄγων
1503 3180 1879 3271 ἰσόρροπος.

365 3281 495 3354 κᾶν
523 3290 697 3376 τῷδε
723 3282 843 3354 τὸν
875 3283 1248 3374 στρατηγὸν
1278 3286 1537 3353 αἰνέσαι
1565 3288 1819 3370 παρῆν·

368 3381 452 3455 οὖ
481 3385 608 3474 γὰρ
641 3384 715 3455 τὸ
744 3394 959 3456 νικῶν
985 3385 1172 3457 τοῦτ’
1206 3391 1591 3471 ἐκέρδαινεν
1628 3387 1862 3471 μόνον,

368 3483 515 3557 ἀλλ’
552 3485 742 3580 ᾤχετ’
779 3494 872 3570 είς
901 3488 974 3558 τὸ
1003 3489 1261 3576 κάμνον
1294 3494 1550 3558 οἰκείου
1581 3490 1893 3573 στρατοῦ.
