<?xml version="1.0" encoding="UTF-8"?>
<!DOCTYPE html PUBLIC "-//W3C//DTD XHTML 1.0 Transitional//EN"
    "http://www.w3.org/TR/xhtml1/DTD/xhtml1-transitional.dtd">
<html xmlns="http://www.w3.org/1999/xhtml" xml:lang="en" lang="en">
 <head>
  <title>
</title>
<meta http-equiv="Content-Type" content="text/html;charset=utf-8" />
  <meta name='ocr-system' content='tesseract 3.04.00' />
  <meta name='ocr-capabilities' content='ocr_page ocr_carea ocr_par ocr_line ocrx_word'/>
</head>
<body>
  <div class='ocr_page' id='page_1' title='image "./evripidistragoe03eurigoog/evripidistragoe03eurigoog_0386.png"; bbox 0 0 2492 3900; ppageno 0'>
   <div class='ocr_carea' id='block_1_1' title="bbox 305 83 1526 196">
    <p class='ocr_par' dir='ltr' id='par_1_1' title="bbox 305 83 1526 196">
     <span class='ocr_line' id='line_1_1' title="bbox 305 83 1526 196; baseline -0.002 -2"><span class='ocrx_word' id='word_1_1' title='bbox 305 131 429 196; x_wconf 81' lang='lat'><strong><em>276</em></strong></span> <span class='ocrx_word' id='word_1_2' title='bbox 1066 83 1088 90; x_wconf 39' lang='lat'><strong><em>‘⁴</em></strong></span> <span class='ocrx_word' id='word_1_3' title='bbox 1129 136 1526 194; x_wconf 81' lang='lat' dir='ltr'><em>HAEKTPA</em></span> 
     </span>
    </p>
   </div>
   <div class='ocr_carea' id='block_1_2' title="bbox 299 298 2334 3561">
    <p class='ocr_par' dir='ltr' id='par_1_2' title="bbox 299 298 2334 3561">
     <span class='ocr_line' id='line_1_2' title="bbox 537 298 1836 394; baseline 0.003 -22"><span class='ocrx_word' id='word_1_4' title='bbox 537 303 665 392; x_wconf 72' lang='grc' dir='ltr'><strong><em>ἐγώ</em></strong></span> <span class='ocrx_word' id='word_1_5' title='bbox 699 310 770 372; x_wconf 90' lang='grc' dir='ltr'><strong><em>τί</em></strong></span> <span class='ocrx_word' id='word_1_6' title='bbox 795 299 860 372; x_wconf 85' lang='grc' dir='ltr'><strong><em>σ’</em></strong></span> <span class='ocrx_word' id='word_1_7' title='bbox 893 298 1162 392; x_wconf 78' lang='grc' dir='ltr'><strong><em>ἠδίκησ’</em></strong></span> <span class='ocrx_word' id='word_1_8' title='bbox 1195 303 1350 391; x_wconf 74' lang='grc' dir='ltr'><strong><em>ἐμός</em></strong></span> <span class='ocrx_word' id='word_1_9' title='bbox 1376 333 1447 374; x_wconf 90' lang='grc' dir='ltr'><strong><em>τε</em></strong></span> <span class='ocrx_word' id='word_1_10' title='bbox 1475 305 1836 394; x_wconf 83' lang='grc' dir='ltr'><strong><em>σύγγονος;</em></strong></span> 
     </span>
     <span class='ocr_line' id='line_1_3' title="bbox 539 402 2018 500; baseline 0.003 -24"><span class='ocrx_word' id='word_1_11' title='bbox 539 413 680 486; x_wconf 74' lang='grc' dir='ltr'><strong><em>πῶς</em></strong></span> <span class='ocrx_word' id='word_1_12' title='bbox 707 402 791 474; x_wconf 83' lang='grc' dir='ltr'><strong><em>οὐ</em></strong></span> <span class='ocrx_word' id='word_1_13' title='bbox 821 405 1020 476; x_wconf 90' lang='grc' dir='ltr'><strong><em>πόσιν</em></strong></span> <span class='ocrx_word' id='word_1_14' title='bbox 1046 413 1362 475; x_wconf 79' lang='grc' dir='ltr'><strong><em>κτείνασα</em></strong></span> <span class='ocrx_word' id='word_1_15' title='bbox 1388 407 1738 500; x_wconf 75' lang='grc' dir='ltr'><strong><em>πατρῴους</em></strong></span> <span class='ocrx_word' id='word_1_16' title='bbox 1766 411 2018 497; x_wconf 79' lang='grc' dir='ltr'><em>δόμους</em></span> 
     </span>
     <span class='ocr_line' id='line_1_4' title="bbox 535 503 1861 599; baseline 0.001 -21"><span class='ocrx_word' id='word_1_17' title='bbox 535 504 695 596; x_wconf 81' lang='grc' dir='ltr'><strong><em>ἡμῖν</em></strong></span> <span class='ocrx_word' id='word_1_18' title='bbox 722 514 1106 596; x_wconf 80' lang='grc' dir='ltr'><strong><em>προσῆψας,</em></strong></span> <span class='ocrx_word' id='word_1_19' title='bbox 1137 503 1286 576; x_wconf 86' lang='grc' dir='ltr'><strong><em>ἀλλ’</em></strong></span> <span class='ocrx_word' id='word_1_20' title='bbox 1330 510 1677 598; x_wconf 81' lang='grc' dir='ltr'><strong><em>ἐπηνέγκω</em></strong></span> <span class='ocrx_word' id='word_1_21' title='bbox 1706 513 1861 599; x_wconf 88' lang='grc' dir='ltr'><strong><em>λέχη</em></strong></span> 
     </span>
     <span class='ocr_line' id='line_1_5' title="bbox 535 607 2334 704; baseline 0.003 -26"><span class='ocrx_word' id='word_1_22' title='bbox 535 607 917 699; x_wconf 88' lang='grc' dir='ltr'><strong><em>τάλλότρια,</em></strong></span> <span class='ocrx_word' id='word_1_23' title='bbox 945 616 1198 697; x_wconf 78' lang='grc' dir='ltr'><em>μισθοῦ</em></span> <span class='ocrx_word' id='word_1_24' title='bbox 1225 608 1382 691; x_wconf 76' lang='grc' dir='ltr'><strong><em>τοὺς</em></strong></span> <span class='ocrx_word' id='word_1_25' title='bbox 1411 610 1666 699; x_wconf 78' lang='grc' dir='ltr'><em>γάμους</em></span> <span class='ocrx_word' id='word_1_26' title='bbox 1694 609 2087 704; x_wconf 66' lang='grc' dir='ltr'><strong><em>αἰνουμένης</em></strong></span> <span class='ocrx_word' id='word_1_27' title='bbox 2195 635 2334 692; x_wconf 84' lang='grc'>1090</span> 
     </span>
     <span class='ocr_line' id='line_1_6' title="bbox 533 708 1997 803; baseline 0.002 -22"><span class='ocrx_word' id='word_1_28' title='bbox 533 709 724 782; x_wconf 72' lang='grc' dir='ltr'><strong><em>κοῦτ’</em></strong></span> <span class='ocrx_word' id='word_1_29' title='bbox 759 709 1154 800; x_wconf 80' lang='grc' dir='ltr'><strong><em>ἀντιφεύγει</em></strong></span> <span class='ocrx_word' id='word_1_30' title='bbox 1186 710 1423 792; x_wconf 87' lang='grc' dir='ltr'><strong><em>παιδὸς</em></strong></span> <span class='ocrx_word' id='word_1_31' title='bbox 1453 708 1604 782; x_wconf 75' lang='grc' dir='ltr'><strong><em>ἀντὶ</em></strong></span> <span class='ocrx_word' id='word_1_32' title='bbox 1630 720 1754 783; x_wconf 87' lang='grc' dir='ltr'><strong><em>σοῦ</em></strong></span> <span class='ocrx_word' id='word_1_33' title='bbox 1782 714 1997 803; x_wconf 80' lang='grc' dir='ltr'><strong><em>πόσις,</em></strong></span> 
     </span>
     <span class='ocr_line' id='line_1_7' title="bbox 543 810 1934 905; baseline 0.002 -22"><span class='ocrx_word' id='word_1_34' title='bbox 543 810 689 883; x_wconf 72' lang='grc' dir='ltr'><strong><em>οὔτ’</em></strong></span> <span class='ocrx_word' id='word_1_35' title='bbox 723 810 869 881; x_wconf 88' lang='grc' dir='ltr'><strong><em>ἀντ’</em></strong></span> <span class='ocrx_word' id='word_1_36' title='bbox 904 817 1068 901; x_wconf 82' lang='grc' dir='ltr'><strong><em>ἐμοῦ</em></strong></span> <span class='ocrx_word' id='word_1_37' title='bbox 1095 814 1421 902; x_wconf 81' lang='grc' dir='ltr'><strong><em>τέθνηκε,</em></strong></span> <span class='ocrx_word' id='word_1_38' title='bbox 1451 817 1555 896; x_wconf 83' lang='grc' dir='ltr'><strong><em>δὶς</em></strong></span> <span class='ocrx_word' id='word_1_39' title='bbox 1582 814 1792 896; x_wconf 81' lang='grc' dir='ltr'><strong><em>τόσως</em></strong></span> <span class='ocrx_word' id='word_1_40' title='bbox 1820 818 1934 905; x_wconf 73' lang='grc' dir='ltr'><strong><em>ἐμὲ</em></strong></span> 
     </span>
     <span class='ocr_line' id='line_1_8' title="bbox 533 911 1961 1006; baseline 0.001 -20"><span class='ocrx_word' id='word_1_41' title='bbox 533 923 797 995; x_wconf 85' lang='grc' dir='ltr'><strong><em>κτείνας</em></strong></span> <span class='ocrx_word' id='word_1_42' title='bbox 825 911 1123 1004; x_wconf 80' lang='grc' dir='ltr'><em>ἀδελφῆς</em></span> <span class='ocrx_word' id='word_1_43' title='bbox 1149 922 1384 999; x_wconf 75' lang='grc' dir='ltr'><strong><em>ζῶσαν.</em></strong></span> <span class='ocrx_word' id='word_1_44' title='bbox 1422 923 1486 986; x_wconf 89' lang='grc' dir='ltr'><strong><em>εί</em></strong></span> <span class='ocrx_word' id='word_1_45' title='bbox 1510 913 1575 986; x_wconf 89' lang='grc' dir='ltr'><strong><em>δ’</em></strong></span> <span class='ocrx_word' id='word_1_46' title='bbox 1610 914 1961 1006; x_wconf 79' lang='grc' dir='ltr'><strong><em>ἀμείψεται</em></strong></span> 
     </span>
     <span class='ocr_line' id='line_1_9' title="bbox 533 1015 1973 1108; baseline 0.002 -22"><span class='ocrx_word' id='word_1_47' title='bbox 533 1015 752 1107; x_wconf 90' lang='grc' dir='ltr'><strong><em>φόνον</em></strong></span> <span class='ocrx_word' id='word_1_48' title='bbox 780 1018 1065 1102; x_wconf 79' lang='grc' dir='ltr'><strong><em>δικάζων</em></strong></span> <span class='ocrx_word' id='word_1_49' title='bbox 1093 1018 1339 1106; x_wconf 83' lang='grc' dir='ltr'><strong><em>φόνος,</em></strong></span> <span class='ocrx_word' id='word_1_50' title='bbox 1370 1015 1714 1089; x_wconf 75' lang='grc' dir='ltr'><strong><em>ἀποκτενῶ</em></strong></span> <span class='ocrx_word' id='word_1_51' title='bbox 1744 1017 1807 1088; x_wconf 88' lang='grc' dir='ltr'><strong><em>σ’</em></strong></span> <span class='ocrx_word' id='word_1_52' title='bbox 1841 1019 1973 1108; x_wconf 77' lang='grc' dir='ltr'><strong><em>ἐγω</em></strong></span> 
     </span>
     <span class='ocr_line' id='line_1_10' title="bbox 531 1116 2331 1211; baseline 0.002 -22"><span class='ocrx_word' id='word_1_53' title='bbox 531 1123 646 1190; x_wconf 86' lang='grc' dir='ltr'><strong><em>καὶ</em></strong></span> <span class='ocrx_word' id='word_1_54' title='bbox 673 1134 827 1201; x_wconf 76' lang='grc' dir='ltr'><strong><em>παῖς</em></strong></span> <span class='ocrx_word' id='word_1_55' title='bbox 855 1116 1163 1209; x_wconf 79' lang='grc' dir='ltr'><strong><em>Ὀρέστης</em></strong></span> <span class='ocrx_word' id='word_1_56' title='bbox 1192 1123 1393 1209; x_wconf 75' lang='grc' dir='ltr'><strong><em>πατρὶ</em></strong></span> <span class='ocrx_word' id='word_1_57' title='bbox 1422 1121 1912 1211; x_wconf 83' lang='grc' dir='ltr'><strong><em>τιμωρούμενοι</em></strong></span> <span class='ocrx_word' id='word_1_58' title='bbox 1930 1145 1945 1160; x_wconf 91' lang='grc'><em>·</em></span> <span class='ocrx_word' id='word_1_59' title='bbox 2197 1145 2331 1200; x_wconf 80' lang='grc'>1095</span> 
     </span>
     <span class='ocr_line' id='line_1_11' title="bbox 532 1219 1888 1311; baseline 0 -19"><span class='ocrx_word' id='word_1_60' title='bbox 532 1229 595 1292; x_wconf 90' lang='grc' dir='ltr'><strong><em>εί</em></strong></span> <span class='ocrx_word' id='word_1_61' title='bbox 618 1219 747 1311; x_wconf 77' lang='grc' dir='ltr'><strong><em>γὰρ</em></strong></span> <span class='ocrx_word' id='word_1_62' title='bbox 779 1220 986 1292; x_wconf 86' lang='grc' dir='ltr'><strong><em>δίκαι’</em></strong></span> <span class='ocrx_word' id='word_1_63' title='bbox 1021 1225 1277 1309; x_wconf 77' lang='grc' dir='ltr'><strong><em>ἐκεῖνα,</em></strong></span> <span class='ocrx_word' id='word_1_64' title='bbox 1308 1225 1421 1292; x_wconf 86' lang='grc' dir='ltr'><strong><em>καὶ</em></strong></span> <span class='ocrx_word' id='word_1_65' title='bbox 1450 1222 1599 1292; x_wconf 89' lang='grc' dir='ltr'><strong><em>τάδ’</em></strong></span> <span class='ocrx_word' id='word_1_66' title='bbox 1638 1229 1888 1294; x_wconf 79' lang='grc' dir='ltr'><strong><em>ἔνδικα.</em></strong></span> 
     </span>
     <span class='ocr_line' id='line_1_12' title="bbox 531 1320 1918 1412; baseline 0 -18"><span class='ocrx_word' id='word_1_67' title='bbox 531 1321 735 1408; x_wconf 80' lang='grc' dir='ltr'><strong><em>[ὅστις</em></strong></span> <span class='ocrx_word' id='word_1_68' title='bbox 763 1326 839 1394; x_wconf 76' lang='grc' dir='ltr'><strong><em>δὲ</em></strong></span> <span class='ocrx_word' id='word_1_69' title='bbox 867 1331 1160 1394; x_wconf 84' lang='grc' dir='ltr'><strong><em>πλοῦτον</em></strong></span> <span class='ocrx_word' id='word_1_70' title='bbox 1191 1320 1231 1412; x_wconf 80' lang='grc' dir='ltr'><strong><em>ἦ</em></strong></span> <span class='ocrx_word' id='word_1_71' title='bbox 1262 1321 1612 1412; x_wconf 82' lang='grc' dir='ltr'><strong><em>εὐγένειαν</em></strong></span> <span class='ocrx_word' id='word_1_72' title='bbox 1646 1325 1918 1396; x_wconf 73' lang='grc' dir='ltr'><strong><em>εἰσιδών</em></strong></span> 
     </span>
     <span class='ocr_line' id='line_1_13' title="bbox 531 1425 1938 1518; baseline 0.002 -25"><span class='ocrx_word' id='word_1_73' title='bbox 531 1440 732 1513; x_wconf 82' lang='grc' dir='ltr'><strong><em>γαμεῖ</em></strong></span> <span class='ocrx_word' id='word_1_74' title='bbox 754 1426 1092 1516; x_wconf 89' lang='grc' dir='ltr'><strong><em>πονηράν,</em></strong></span> <span class='ocrx_word' id='word_1_75' title='bbox 1122 1425 1346 1515; x_wconf 71' lang='grc' dir='ltr'><strong><em>μῶρός</em></strong></span> <span class='ocrx_word' id='word_1_76' title='bbox 1376 1430 1511 1496; x_wconf 80' lang='grc' dir='ltr'><strong><em>ἐστι</em></strong></span> <span class='ocrx_word' id='word_1_77' title='bbox 1532 1451 1545 1464; x_wconf 96' lang='grc'><em>·</em></span> <span class='ocrx_word' id='word_1_78' title='bbox 1576 1427 1781 1518; x_wconf 77' lang='grc' dir='ltr'><strong><em>μικρὰ</em></strong></span> <span class='ocrx_word' id='word_1_79' title='bbox 1812 1425 1938 1518; x_wconf 78' lang='grc' dir='ltr'><strong><em>γὰρ</em></strong></span> 
     </span>
     <span class='ocr_line' id='line_1_14' title="bbox 531 1525 1994 1618; baseline 0.002 -24"><span class='ocrx_word' id='word_1_80' title='bbox 531 1528 840 1615; x_wconf 80' lang='grc' dir='ltr'><strong><em>μεγάλων</em></strong></span> <span class='ocrx_word' id='word_1_81' title='bbox 870 1525 1124 1615; x_wconf 87' lang='grc' dir='ltr'><strong><em>ἀμείνω</em></strong></span> <span class='ocrx_word' id='word_1_82' title='bbox 1154 1528 1505 1617; x_wconf 72' lang='grc' dir='ltr'><strong><em>σώφροσιν</em></strong></span> <span class='ocrx_word' id='word_1_83' title='bbox 1533 1527 1765 1618; x_wconf 89' lang='grc' dir='ltr'><strong><em>δόμοις</em></strong></span> <span class='ocrx_word' id='word_1_84' title='bbox 1794 1537 1943 1617; x_wconf 84' lang='grc' dir='ltr'><strong><em>ἔχει.</em></strong></span> <span class='ocrx_word' id='word_1_85' title='bbox 1990 1550 1994 1554; x_wconf 85' lang='grc'><em>·</em></span> 
     </span>
     <span class='ocr_line' id='line_1_15' title="bbox 302 1623 2330 1721; baseline 0.003 -22"><span class='ocrx_word' id='word_1_86' title='bbox 302 1638 443 1699; x_wconf 89' lang='grc' dir='ltr'><strong><em>ΧΟ.</em></strong></span> <span class='ocrx_word' id='word_1_87' title='bbox 525 1629 690 1718; x_wconf 86' lang='grc' dir='ltr'><strong><em>τύχη</em></strong></span> <span class='ocrx_word' id='word_1_88' title='bbox 718 1635 1063 1717; x_wconf 74' lang='grc' dir='ltr'><strong><em>γυναικῶν</em></strong></span> <span class='ocrx_word' id='word_1_89' title='bbox 1093 1635 1186 1709; x_wconf 87' lang='grc' dir='ltr'><strong><em>είς</em></strong></span> <span class='ocrx_word' id='word_1_90' title='bbox 1215 1630 1486 1719; x_wconf 78' lang='grc' dir='ltr'><strong><em>γάμους.</em></strong></span> <span class='ocrx_word' id='word_1_91' title='bbox 1516 1631 1597 1701; x_wconf 84' lang='grc' dir='ltr'><strong><em>τά</em></strong></span> <span class='ocrx_word' id='word_1_92' title='bbox 1625 1632 1749 1720; x_wconf 74' lang='grc' dir='ltr'><strong><em>μὲν</em></strong></span> <span class='ocrx_word' id='word_1_93' title='bbox 1777 1630 1904 1721; x_wconf 82' lang='grc' dir='ltr'><strong><em>γὰρ</em></strong></span> <span class='ocrx_word' id='word_1_94' title='bbox 1937 1623 2039 1720; x_wconf 80' lang='grc' dir='ltr'><strong><em>εὖ,</em></strong></span> <span class='ocrx_word' id='word_1_95' title='bbox 2194 1655 2330 1706; x_wconf 85' lang='lat'><em>1100</em></span> 
     </span>
     <span class='ocr_line' id='line_1_16' title="bbox 533 1727 2125 1824; baseline 0.001 -24"><span class='ocrx_word' id='word_1_96' title='bbox 533 1731 612 1800; x_wconf 77' lang='grc' dir='ltr'><strong><em>τὰ</em></strong></span> <span class='ocrx_word' id='word_1_97' title='bbox 644 1727 710 1801; x_wconf 85' lang='grc' dir='ltr'><strong><em>δ’</em></strong></span> <span class='ocrx_word' id='word_1_98' title='bbox 746 1728 829 1800; x_wconf 82' lang='grc' dir='ltr'><strong><em>οὐ</em></strong></span> <span class='ocrx_word' id='word_1_99' title='bbox 860 1738 1078 1812; x_wconf 78' lang='grc' dir='ltr'><strong><em>καλῶς</em></strong></span> <span class='ocrx_word' id='word_1_100' title='bbox 1106 1739 1435 1802; x_wconf 84' lang='grc' dir='ltr'><strong><em>πίπτοντα</em></strong></span> <span class='ocrx_word' id='word_1_101' title='bbox 1462 1735 1778 1824; x_wconf 80' lang='grc' dir='ltr'><strong><em>δέρκομαι</em></strong></span> <span class='ocrx_word' id='word_1_102' title='bbox 1806 1741 2125 1822; x_wconf 62' lang='grc' dir='ltr'><strong><em>βροτεᾶν]</em></strong></span> 
     </span>
     <span class='ocr_line' id='line_1_17' title="bbox 300 1825 2007 1924; baseline 0.001 -20"><span class='ocrx_word' id='word_1_103' title='bbox 300 1841 442 1905; x_wconf 86' lang='grc' dir='ltr'><strong><em>ΚΛ.</em></strong></span> <span class='ocrx_word' id='word_1_104' title='bbox 527 1825 581 1904; x_wconf 72' lang='grc' dir='ltr'><em>ὦ</em></span> <span class='ocrx_word' id='word_1_105' title='bbox 612 1849 762 1921; x_wconf 75' lang='grc' dir='ltr'><strong><em>παῖ,</em></strong></span> <span class='ocrx_word' id='word_1_106' title='bbox 793 1836 1100 1922; x_wconf 83' lang='grc' dir='ltr'><strong><em>πέφυκας</em></strong></span> <span class='ocrx_word' id='word_1_107' title='bbox 1123 1836 1377 1923; x_wconf 78' lang='grc' dir='ltr'><strong><em>πατέρα</em></strong></span> <span class='ocrx_word' id='word_1_108' title='bbox 1404 1833 1526 1904; x_wconf 87' lang='grc' dir='ltr'><strong><em>σὸν</em></strong></span> <span class='ocrx_word' id='word_1_109' title='bbox 1553 1839 1856 1924; x_wconf 82' lang='grc' dir='ltr'><strong><em>στέργειν</em></strong></span> <span class='ocrx_word' id='word_1_110' title='bbox 1884 1833 2007 1906; x_wconf 86' lang='grc' dir='ltr'><strong><em>ἀεί.</em></strong></span> 
     </span>
     <span class='ocr_line' id='line_1_18' title="bbox 531 1931 1954 2027; baseline 0 -19"><span class='ocrx_word' id='word_1_111' title='bbox 531 1945 714 2008; x_wconf 82' lang='grc' dir='ltr'><strong><em>ἔστιν</em></strong></span> <span class='ocrx_word' id='word_1_112' title='bbox 740 1935 816 2007; x_wconf 67' lang='grc' dir='ltr'><strong><em>δὲ</em></strong></span> <span class='ocrx_word' id='word_1_113' title='bbox 844 1939 956 2007; x_wconf 84' lang='grc' dir='ltr'><strong><em>καὶ</em></strong></span> <span class='ocrx_word' id='word_1_114' title='bbox 983 1934 1153 2006; x_wconf 85' lang='grc' dir='ltr'><strong><em>τόδ’·</em></strong></span> <span class='ocrx_word' id='word_1_115' title='bbox 1185 1942 1256 2006; x_wconf 77' lang='grc' dir='ltr'><strong><em>οἳ</em></strong></span> <span class='ocrx_word' id='word_1_116' title='bbox 1275 1938 1401 2025; x_wconf 91' lang='grc' dir='ltr'><strong><em>μέν</em></strong></span> <span class='ocrx_word' id='word_1_117' title='bbox 1433 1943 1601 2007; x_wconf 83' lang='grc' dir='ltr'><strong><em>εἰσιν</em></strong></span> <span class='ocrx_word' id='word_1_118' title='bbox 1630 1931 1954 2027; x_wconf 88' lang='grc' dir='ltr'><strong><em>ἀρσένων,</em></strong></span> 
     </span>
     <span class='ocr_line' id='line_1_19' title="bbox 531 2031 2009 2129; baseline -0.002 -19"><span class='ocrx_word' id='word_1_119' title='bbox 531 2050 603 2111; x_wconf 84' lang='grc' dir='ltr'><strong><em>οἳ</em></strong></span> <span class='ocrx_word' id='word_1_120' title='bbox 623 2036 688 2109; x_wconf 85' lang='grc' dir='ltr'><strong><em>δ’</em></strong></span> <span class='ocrx_word' id='word_1_121' title='bbox 725 2031 813 2109; x_wconf 78' lang='grc' dir='ltr'><strong><em>αὖ</em></strong></span> <span class='ocrx_word' id='word_1_122' title='bbox 842 2046 1120 2128; x_wconf 82' lang='grc' dir='ltr'><strong><em>φιλοῦσι</em></strong></span> <span class='ocrx_word' id='word_1_123' title='bbox 1148 2041 1434 2128; x_wconf 86' lang='grc' dir='ltr'><strong><em>μητέρας</em></strong></span> <span class='ocrx_word' id='word_1_124' title='bbox 1460 2046 1714 2127; x_wconf 84' lang='grc' dir='ltr'><strong><em>μᾶλλον</em></strong></span> <span class='ocrx_word' id='word_1_125' title='bbox 1743 2040 2009 2129; x_wconf 86' lang='grc' dir='ltr'><strong><em>πατρός.</em></strong></span> 
     </span>
     <span class='ocr_line' id='line_1_20' title="bbox 533 2138 2327 2230; baseline 0.003 -20"><span class='ocrx_word' id='word_1_126' title='bbox 533 2142 1017 2230; x_wconf 75' lang='grc' dir='ltr'><strong><em>συγγνώσομαί</em></strong></span> <span class='ocrx_word' id='word_1_127' title='bbox 1037 2164 1143 2209; x_wconf 92' lang='grc' dir='ltr'><strong><em>σοι</em></strong></span> <span class='ocrx_word' id='word_1_128' title='bbox 1164 2164 1179 2177; x_wconf 91' lang='grc'>·</span> <span class='ocrx_word' id='word_1_129' title='bbox 1210 2143 1325 2210; x_wconf 85' lang='grc' dir='ltr'><strong><em>καὶ</em></strong></span> <span class='ocrx_word' id='word_1_130' title='bbox 1354 2138 1483 2230; x_wconf 77' lang='grc' dir='ltr'><strong><em>γὰρ</em></strong></span> <span class='ocrx_word' id='word_1_131' title='bbox 1514 2138 1639 2229; x_wconf 77' lang='grc' dir='ltr'><strong><em>οὐχ</em></strong></span> <span class='ocrx_word' id='word_1_132' title='bbox 1667 2138 1879 2222; x_wconf 79' lang='grc' dir='ltr'><strong><em>οὕτως</em></strong></span> <span class='ocrx_word' id='word_1_133' title='bbox 1906 2139 2083 2229; x_wconf 72' lang='grc' dir='ltr'><strong><em>ἄγαν</em></strong></span> <span class='ocrx_word' id='word_1_134' title='bbox 2193 2164 2327 2217; x_wconf 87' lang='grc'>1105</span> 
     </span>
     <span class='ocr_line' id='line_1_21' title="bbox 529 2244 1988 2332; baseline 0 -22"><span class='ocrx_word' id='word_1_135' title='bbox 529 2250 740 2331; x_wconf 85' lang='grc' dir='ltr'><strong><em>χαίρω</em></strong></span> <span class='ocrx_word' id='word_1_136' title='bbox 774 2272 867 2329; x_wconf 88' lang='grc' dir='ltr'><strong><em>τι,</em></strong></span> <span class='ocrx_word' id='word_1_137' title='bbox 899 2246 1170 2328; x_wconf 85' lang='grc' dir='ltr'><strong><em>τέκνον,</em></strong></span> <span class='ocrx_word' id='word_1_138' title='bbox 1199 2258 1337 2322; x_wconf 83' lang='grc' dir='ltr'><strong><em>τοῖς</em></strong></span> <span class='ocrx_word' id='word_1_139' title='bbox 1366 2244 1799 2332; x_wconf 85' lang='grc' dir='ltr'><strong><em>δεδραμένοις</em></strong></span> <span class='ocrx_word' id='word_1_140' title='bbox 1825 2246 1988 2331; x_wconf 76' lang='grc' dir='ltr'><strong><em>ἐμοί.</em></strong></span> 
     </span>
     <span class='ocr_line' id='line_1_22' title="bbox 529 2334 1941 2434; baseline 0.001 -23"><span class='ocrx_word' id='word_1_141' title='bbox 529 2340 616 2412; x_wconf 81' lang='grc' dir='ltr'><strong><em>σὺ</em></strong></span> <span class='ocrx_word' id='word_1_142' title='bbox 647 2340 711 2412; x_wconf 89' lang='grc' dir='ltr'><strong><em>δ’</em></strong></span> <span class='ocrx_word' id='word_1_143' title='bbox 749 2334 870 2411; x_wconf 72' lang='grc' dir='ltr'><strong><em>οἷδ’</em></strong></span> <span class='ocrx_word' id='word_1_144' title='bbox 903 2340 1184 2423; x_wconf 72' lang='grc' dir='ltr'><strong><em>ἄλουτος</em></strong></span> <span class='ocrx_word' id='word_1_145' title='bbox 1213 2346 1326 2412; x_wconf 88' lang='grc' dir='ltr'><strong><em>καὶ</em></strong></span> <span class='ocrx_word' id='word_1_146' title='bbox 1355 2349 1753 2432; x_wconf 87' lang='grc' dir='ltr'><strong><em>δυσείματος</em></strong></span> <span class='ocrx_word' id='word_1_147' title='bbox 1778 2343 1941 2434; x_wconf 88' lang='grc' dir='ltr'><strong><em>χρόα</em></strong></span> 
     </span>
     <span class='ocr_line' id='line_1_23' title="bbox 530 2443 1887 2535; baseline 0.002 -22"><span class='ocrx_word' id='word_1_148' title='bbox 530 2443 724 2533; x_wconf 73' lang='grc' dir='ltr'><strong><em>[λεχώ</em></strong></span> <span class='ocrx_word' id='word_1_149' title='bbox 753 2452 1058 2533; x_wconf 76' lang='grc' dir='ltr'><strong><em>νεογνῶν</em></strong></span> <span class='ocrx_word' id='word_1_150' title='bbox 1089 2449 1161 2533; x_wconf 80' lang='grc' dir='ltr'><strong><em>ἐκ</em></strong></span> <span class='ocrx_word' id='word_1_151' title='bbox 1189 2446 1409 2516; x_wconf 88' lang='grc' dir='ltr'><strong><em>τόκων</em></strong></span> <span class='ocrx_word' id='word_1_152' title='bbox 1436 2449 1887 2535; x_wconf 87' lang='grc' dir='ltr'><strong><em>πεπαυμένη];</em></strong></span> 
     </span>
     <span class='ocr_line' id='line_1_24' title="bbox 531 2548 1929 2637; baseline 0 -20"><span class='ocrx_word' id='word_1_153' title='bbox 531 2558 709 2637; x_wconf 76' lang='grc' dir='ltr'><strong><em>οἴμοι</em></strong></span> <span class='ocrx_word' id='word_1_154' title='bbox 737 2549 1013 2619; x_wconf 88' lang='grc' dir='ltr'><strong><em>τάλαινα</em></strong></span> <span class='ocrx_word' id='word_1_155' title='bbox 1041 2554 1178 2618; x_wconf 74' lang='grc' dir='ltr'><strong><em>τῶν</em></strong></span> <span class='ocrx_word' id='word_1_156' title='bbox 1207 2552 1388 2637; x_wconf 78' lang='grc' dir='ltr'><strong><em>ἐμῶν</em></strong></span> <span class='ocrx_word' id='word_1_157' title='bbox 1416 2548 1929 2636; x_wconf 81' lang='grc' dir='ltr'><strong><em>βουλευμάτων·</em></strong></span> 
     </span>
     <span class='ocr_line' id='line_1_25' title="bbox 533 2646 2329 2742; baseline -0.001 -23"><span class='ocrx_word' id='word_1_158' title='bbox 533 2647 621 2732; x_wconf 73' lang='grc' dir='ltr'><strong><em>ὡς</em></strong></span> <span class='ocrx_word' id='word_1_159' title='bbox 647 2658 900 2739; x_wconf 80' lang='grc' dir='ltr'><strong><em>μᾶλλον</em></strong></span> <span class='ocrx_word' id='word_1_160' title='bbox 929 2646 972 2739; x_wconf 77' lang='grc' dir='ltr'><em>ἢ</em></span> <span class='ocrx_word' id='word_1_161' title='bbox 997 2657 1168 2741; x_wconf 88' lang='grc' dir='ltr'><strong><em>χρῆν</em></strong></span> <span class='ocrx_word' id='word_1_162' title='bbox 1194 2647 1390 2738; x_wconf 78' lang='grc' dir='ltr'><strong><em>ἥλασ’</em></strong></span> <span class='ocrx_word' id='word_1_163' title='bbox 1426 2657 1519 2730; x_wconf 86' lang='grc' dir='ltr'><strong><em>είς</em></strong></span> <span class='ocrx_word' id='word_1_164' title='bbox 1548 2646 1762 2742; x_wconf 85' lang='grc' dir='ltr'><strong><em>ὀργὴν</em></strong></span> <span class='ocrx_word' id='word_1_165' title='bbox 1788 2650 2005 2721; x_wconf 90' lang='grc' dir='ltr'><strong><em>πόσιν.</em></strong></span> <span class='ocrx_word' id='word_1_166' title='bbox 2192 2674 2329 2727; x_wconf 86' lang='grc'>1110</span> 
     </span>
     <span class='ocr_line' id='line_1_26' title="bbox 299 2750 1799 2840; baseline 0.001 -22"><span class='ocrx_word' id='word_1_167' title='bbox 299 2757 446 2818; x_wconf 88' lang='grc' dir='ltr'><strong><em>ΗΛ.</em></strong></span> <span class='ocrx_word' id='word_1_168' title='bbox 528 2750 655 2833; x_wconf 76' lang='grc' dir='ltr'><strong><em>ὀψὲ</em></strong></span> <span class='ocrx_word' id='word_1_169' title='bbox 681 2753 1043 2838; x_wconf 74' lang='grc' dir='ltr'><strong><em>στενάζεις,</em></strong></span> <span class='ocrx_word' id='word_1_170' title='bbox 1078 2750 1261 2840; x_wconf 83' lang='grc' dir='ltr'><strong><em>ἡνίκ’</em></strong></span> <span class='ocrx_word' id='word_1_171' title='bbox 1295 2750 1423 2821; x_wconf 77' lang='grc' dir='ltr'><strong><em>οὐκ</em></strong></span> <span class='ocrx_word' id='word_1_172' title='bbox 1453 2760 1621 2839; x_wconf 83' lang='grc' dir='ltr'><strong><em>ἔχεις</em></strong></span> <span class='ocrx_word' id='word_1_173' title='bbox 1648 2750 1799 2840; x_wconf 68' lang='grc' dir='ltr'><strong><em>ἄκη.</em></strong></span> 
     </span>
     <span class='ocr_line' id='line_1_27' title="bbox 528 2844 2091 2943; baseline 0.003 -22"><span class='ocrx_word' id='word_1_174' title='bbox 528 2851 743 2940; x_wconf 83' lang='grc' dir='ltr'><strong><em>πατὴρ</em></strong></span> <span class='ocrx_word' id='word_1_175' title='bbox 771 2853 896 2941; x_wconf 73' lang='grc' dir='ltr'><strong><em>μὲν</em></strong></span> <span class='ocrx_word' id='word_1_176' title='bbox 931 2844 1058 2921; x_wconf 78' lang='grc' dir='ltr'><strong><em>οὖν</em></strong></span> <span class='ocrx_word' id='word_1_177' title='bbox 1085 2857 1373 2943; x_wconf 81' lang='grc' dir='ltr'><strong><em>τέθνηκε</em></strong></span> <span class='ocrx_word' id='word_1_178' title='bbox 1392 2877 1405 2892; x_wconf 87' lang='grc'><em>·</em></span> <span class='ocrx_word' id='word_1_179' title='bbox 1437 2853 1557 2923; x_wconf 87' lang='grc' dir='ltr'><strong><em>τὸν</em></strong></span> <span class='ocrx_word' id='word_1_180' title='bbox 1588 2860 1629 2923; x_wconf 92' lang='grc' dir='ltr'><strong><em>δ</em></strong></span> <span class='ocrx_word' id='word_1_181' title='bbox 1636 2851 1653 2878; x_wconf 88' lang='lat'>&#39;</span> <span class='ocrx_word' id='word_1_182' title='bbox 1690 2858 1813 2938; x_wconf 81' lang='grc' dir='ltr'><strong><em>ἔξω</em></strong></span> <span class='ocrx_word' id='word_1_183' title='bbox 1838 2853 2091 2943; x_wconf 79' lang='grc' dir='ltr'><strong><em>χθονὸς</em></strong></span> 
     </span>
     <span class='ocr_line' id='line_1_28' title="bbox 528 2951 1915 3045; baseline 0.004 -24"><span class='ocrx_word' id='word_1_184' title='bbox 528 2962 669 3034; x_wconf 78' lang='grc' dir='ltr'><strong><em>πῶς</em></strong></span> <span class='ocrx_word' id='word_1_185' title='bbox 699 2951 782 3022; x_wconf 80' lang='grc' dir='ltr'><strong><em>οὐ</em></strong></span> <span class='ocrx_word' id='word_1_186' title='bbox 811 2962 1060 3043; x_wconf 76' lang='grc' dir='ltr'><strong><em>κομίζει</em></strong></span> <span class='ocrx_word' id='word_1_187' title='bbox 1092 2954 1281 3025; x_wconf 78' lang='grc' dir='ltr'><strong><em>παῖδ’</em></strong></span> <span class='ocrx_word' id='word_1_188' title='bbox 1318 2954 1726 3045; x_wconf 88' lang='grc' dir='ltr'><strong><em>ἀλητεύοντα</em></strong></span> <span class='ocrx_word' id='word_1_189' title='bbox 1757 2958 1915 3039; x_wconf 81' lang='grc' dir='ltr'><strong><em>σόν;</em></strong></span> 
     </span>
     <span class='ocr_line' id='line_1_29' title="bbox 299 3054 2086 3148; baseline 0.001 -23"><span class='ocrx_word' id='word_1_190' title='bbox 299 3063 441 3125; x_wconf 85' lang='grc' dir='ltr'><strong><em>ΚΛ.</em></strong></span> <span class='ocrx_word' id='word_1_191' title='bbox 525 3058 795 3126; x_wconf 87' lang='grc' dir='ltr'><strong><em>δέδοικα</em></strong></span> <span class='ocrx_word' id='word_1_192' title='bbox 813 3079 830 3095; x_wconf 86' lang='grc'><em>·</em></span> <span class='ocrx_word' id='word_1_193' title='bbox 861 3054 1115 3148; x_wconf 83' lang='grc' dir='ltr'><strong><em>τούμόν</em></strong></span> <span class='ocrx_word' id='word_1_194' title='bbox 1143 3056 1236 3145; x_wconf 88' lang='grc' dir='ltr'><strong><em>δ’,</em></strong></span> <span class='ocrx_word' id='word_1_195' title='bbox 1269 3056 1420 3147; x_wconf 78' lang='grc' dir='ltr'><strong><em>οὐχὶ</em></strong></span> <span class='ocrx_word' id='word_1_196' title='bbox 1448 3056 1806 3129; x_wconf 86' lang='grc' dir='ltr'><strong><em>τούκείνου</em></strong></span> <span class='ocrx_word' id='word_1_197' title='bbox 1832 3066 2086 3129; x_wconf 79' lang='grc' dir='ltr'><strong><em>σκοπῶ.</em></strong></span> 
     </span>
     <span class='ocr_line' id='line_1_30' title="bbox 529 3157 2327 3254; baseline 0.006 -27"><span class='ocrx_word' id='word_1_198' title='bbox 529 3157 798 3250; x_wconf 83' lang='grc' dir='ltr'><strong><em>[πατρὸς</em></strong></span> <span class='ocrx_word' id='word_1_199' title='bbox 827 3160 987 3249; x_wconf 87' lang='grc' dir='ltr'><strong><em>γάρ,</em></strong></span> <span class='ocrx_word' id='word_1_200' title='bbox 1021 3157 1110 3242; x_wconf 78' lang='grc' dir='ltr'><strong><em>ως</em></strong></span> <span class='ocrx_word' id='word_1_201' title='bbox 1137 3164 1441 3250; x_wconf 87' lang='grc' dir='ltr'><strong><em>λέγουσι,</em></strong></span> <span class='ocrx_word' id='word_1_202' title='bbox 1471 3169 1813 3249; x_wconf 80' lang='grc' dir='ltr'><strong><em>θυμοῦται</em></strong></span> <span class='ocrx_word' id='word_1_203' title='bbox 1843 3160 2081 3254; x_wconf 59' lang='grc' dir='ltr'><strong><em>φόνῳ]</em></strong></span> <span class='ocrx_word' id='word_1_204' title='bbox 2194 3183 2327 3236; x_wconf 83' lang='lat'>1115</span> 
     </span>
     <span class='ocr_line' id='line_1_31' title="bbox 301 3260 1936 3354; baseline 0.002 -25"><span class='ocrx_word' id='word_1_205' title='bbox 301 3267 447 3329; x_wconf 86' lang='grc' dir='ltr'><strong><em>ΗΛ.</em></strong></span> <span class='ocrx_word' id='word_1_206' title='bbox 530 3267 601 3329; x_wconf 89' lang='grc' dir='ltr'><strong><em>τί</em></strong></span> <span class='ocrx_word' id='word_1_207' title='bbox 626 3264 740 3331; x_wconf 82' lang='grc' dir='ltr'><strong><em>δαὶ</em></strong></span> <span class='ocrx_word' id='word_1_208' title='bbox 765 3262 967 3333; x_wconf 90' lang='grc' dir='ltr'><strong><em>πόσιν</em></strong></span> <span class='ocrx_word' id='word_1_209' title='bbox 995 3263 1117 3333; x_wconf 86' lang='grc' dir='ltr'><strong><em>σὸν</em></strong></span> <span class='ocrx_word' id='word_1_210' title='bbox 1147 3260 1387 3354; x_wconf 72' lang='grc' dir='ltr'><strong><em>ἄγριον</em></strong></span> <span class='ocrx_word' id='word_1_211' title='bbox 1417 3271 1511 3345; x_wconf 86' lang='grc' dir='ltr'><strong><em>είς</em></strong></span> <span class='ocrx_word' id='word_1_212' title='bbox 1538 3260 1707 3351; x_wconf 77' lang='grc' dir='ltr'><strong><em>ἡμᾶς</em></strong></span> <span class='ocrx_word' id='word_1_213' title='bbox 1736 3272 1936 3353; x_wconf 81' lang='grc' dir='ltr'><strong><em>ἔχεις;</em></strong></span> 
     </span>
     <span class='ocr_line' id='line_1_32' title="bbox 300 3363 2040 3458; baseline 0.002 -27"><span class='ocrx_word' id='word_1_214' title='bbox 300 3372 442 3432; x_wconf 87' lang='grc' dir='ltr'><strong><em>ΚΛ.</em></strong></span> <span class='ocrx_word' id='word_1_215' title='bbox 529 3365 764 3454; x_wconf 90' lang='grc' dir='ltr'><strong><em>τρόποι</em></strong></span> <span class='ocrx_word' id='word_1_216' title='bbox 791 3368 1084 3436; x_wconf 82' lang='grc' dir='ltr'><strong><em>τοιοῦτοι</em></strong></span> <span class='ocrx_word' id='word_1_217' title='bbox 1103 3389 1118 3404; x_wconf 86' lang='grc'><em>·</em></span> <span class='ocrx_word' id='word_1_218' title='bbox 1150 3369 1263 3436; x_wconf 79' lang='grc' dir='ltr'><strong><em>καὶ</em></strong></span> <span class='ocrx_word' id='word_1_219' title='bbox 1292 3363 1378 3436; x_wconf 80' lang='grc' dir='ltr'>σύ</span> <span class='ocrx_word' id='word_1_220' title='bbox 1411 3363 1476 3435; x_wconf 91' lang='grc' dir='ltr'><strong><em>δ’</em></strong></span> <span class='ocrx_word' id='word_1_221' title='bbox 1513 3363 1822 3458; x_wconf 79' lang='grc' dir='ltr'><strong><em>αὐθάδης</em></strong></span> <span class='ocrx_word' id='word_1_222' title='bbox 1851 3374 2040 3454; x_wconf 79' lang='grc' dir='ltr'><strong><em>ἔφυς.</em></strong></span> 
     </span>
     <span class='ocr_line' id='line_1_33' title="bbox 304 3464 1917 3561; baseline 0.002 -30"><span class='ocrx_word' id='word_1_223' title='bbox 304 3472 447 3532; x_wconf 89' lang='lat' dir='ltr'><strong><em>HA.</em></strong></span> <span class='ocrx_word' id='word_1_224' title='bbox 529 3464 712 3557; x_wconf 77' lang='grc' dir='ltr'><strong><em>ἀλγῶ</em></strong></span> <span class='ocrx_word' id='word_1_225' title='bbox 742 3469 900 3561; x_wconf 85' lang='grc' dir='ltr'><strong><em>γάρ·</em></strong></span> <span class='ocrx_word' id='word_1_226' title='bbox 932 3464 1100 3537; x_wconf 83' lang='grc' dir='ltr'><strong><em>ἀλλά</em></strong></span> <span class='ocrx_word' id='word_1_227' title='bbox 1129 3468 1469 3557; x_wconf 87' lang='grc' dir='ltr'><strong><em>παύσομαι</em></strong></span> <span class='ocrx_word' id='word_1_228' title='bbox 1498 3472 1917 3557; x_wconf 81' lang='grc' dir='ltr'><strong><em>θυμουμένη.</em></strong></span> 
     </span>
    </p>
   </div>
  </div>
 </body>
</html>
