2492 3900
1047 185 1365 243 ΒΑΚΧΛΙ
2080 181 2166 243 95

391 354 484 428 είς
512 345 669 438 ὅρος
699 354 794 428 είς
823 345 1016 440 ὅρος,
1051 357 1222 419 ἔνθα
1251 352 1435 437 μένει

393 448 782 538 θηλυγενὴς
813 448 1008 538 ὄχλος

397 548 509 639 ἀφ’
545 557 748 621 ίστῶν
775 551 957 642 παρὰ
986 560 1322 642 κερκίδων
1351 550 1400 623 τ’

395 656 778 743 οἰστρηθεὶς
803 655 1146 747 Διονύσῳ.

390 744 448 822 οἷ
473 755 880 844 θαλάμευμα
906 755 1184 844 Κουρή-
1816 755 1956 827 ἀντ.
2065 776 2167 829 120

391 882 529 925 των
555 853 794 941 ζάθεοί
813 884 884 927 τε
915 857 1182 947 Κρήτας

386 960 869 1048 Διογενέτορες
900 964 1194 1045 ἔναυλοι,

390 1066 561 1129 ἔνθα
588 1060 994 1149 τρικόρυθες
1023 1057 1292 1150 ἄντροις

388 1160 804 1249 βυρσότονον
829 1159 1152 1251 κύκλωμα

385 1262 538 1332 τόδε
567 1290 680 1350 μοι
713 1262 1146 1353 Κορύβαντες
1165 1254 1411 1354 ηὗρον·
2066 1284 2163 1336 125

379 1360 508 1432 ἀνὰ
537 1365 612 1434 δὲ
640 1364 882 1453 βάκχια
909 1365 1217 1458 συντόνῳ

383 1469 674 1555 κέρασαν
703 1463 966 1559 ἁδυβόᾳ
995 1474 1323 1557 Φρυγίων

383 1563 614 1638 αὐλῶν
645 1568 1008 1658 πνεύματι,
1038 1570 1287 1659 ματρός
1314 1597 1387 1639 τε
1404 1565 1583 1652 Ῥέας
1612 1577 1708 1651 είς

381 1672 542 1759 χέρα
568 1676 828 1758 θῆκαν,
859 1671 1120 1741 κτύπον
1150 1669 1479 1761 εὐάσμασι
1506 1679 1778 1760 Βακχᾶν
1797 1694 1813 1711 ·

393 1770 572 1860 παρὰ
599 1773 675 1842 δὲ
701 1773 1097 1861 μαινόμενοι
1127 1774 1430 1864 Σάτυροι
2060 1794 2163 1847 130

383 1875 664 1963 ματέρος
692 1874 1100 1956 ἐξανύσαντο
1126 1882 1315 1961 θεᾶς,

386 1981 479 2055 εἰς
511 1975 589 2044 δὲ
613 1975 993 2064 χορεύματα

383 2081 704 2163 συνῆψαν
731 2081 1198 2166 τριετηρίδων,

381 2173 487 2258 αἶς
511 2185 732 2268 χαίρει
759 2178 1114 2260 Διόνυσος.

382 2275 550 2366 ἡδὺς
577 2282 654 2348 ἐν
680 2276 991 2368 οὔρεσιν,
1026 2272 1164 2352 εὖτ’
1200 2276 1287 2347 ἂν
2062 2303 2159 2355 135

377 2383 452 2449 ἐκ
477 2381 743 2451 θιάσων
780 2389 1125 2471 δρομαίων

380 2482 547 2571 σεύῃ
574 2483 851 2571 πεδόσε,
881 2489 1194 2574 νεβρίδος
1224 2491 1396 2572 ἔχων

383 2582 568 2671 ἱερὸν
594 2585 911 2673 ἐνδυτόν,
944 2581 1258 2676 ἀγρεύων

380 2679 542 2773 αἷμα
567 2686 1053 2777 τραγοκτόνον,
1085 2683 1452 2774 ὠμοφάγον
1482 2685 1701 2776 χάριν,

383 2788 641 2874 ἱέμενος
671 2795 764 2869 εἰς
799 2785 967 2878 ὄρεα
997 2789 1299 2879 Φρύγια,
1332 2789 1574 2858 Λύδια.
2058 2803 2157 2856 140

381 2883 417 2956 ὁ
450 2884 514 2955 δ’
549 2891 814 2978 ἔξαρχος
838 2890 1165 2980 Βρόμιος,
1205 2888 1372 2961 εύοϊ.

384 2992 493 3079 ρεἴ
518 2990 595 3060 δὲ
627 2991 905 3078 γάλακτι
941 2995 1185 3080 πέδον,
1216 2998 1326 3082 ῥεῖ
1350 2991 1415 3062 δ’
1452 3004 1650 3085 οἴνῳ,
1698 2995 1803 3081 ῥεῖ
1828 2991 1904 3060 δὲ
1929 3017 2051 3079 με-

1060 3103 1300 3166 λισσᾶν

378 3197 686 3286 νέκταρι,
715 3202 976 3287 Συρίας
1004 3195 1067 3265 δ’
1105 3194 1193 3279 ὥς
1219 3195 1505 3286 λιβάνου
1543 3200 1816 3276 καπνός.

376 3292 414 3364 ὁ
442 3295 742 3384 Βακχεὺς
770 3294 839 3367 δ’
874 3305 1045 3386 ἔχων
2056 3309 2154 3366 uf>

377 3399 701 3489 πυρσώδη
741 3399 962 3489 φλόγα
989 3401 1241 3482 πεύκας

380 3503 454 3569 ἐκ
479 3501 821 3590 νάρθηκος
849 3498 1066 3572 άίσσει
