2492 3900
317 133 446 198 362
801 134 1216 192 ΗΡΑΚΔΗΣ
1253 133 1877 192 ΜΑΙΝΟΜΕΝΟΣ

550 303 756 393 πάρες
785 299 899 370 ἀπ’
935 300 1251 390 ὀμμάτων

549 407 838 491 πέπλον,
869 399 1184 490 ἀπόδικε,
1227 405 1428 490 ῥέθος
1456 400 1661 494 ἀελίῳ
1688 406 1912 485 δεῖξον
1930 425 1945 438 ·
2216 421 2349 474 1205
2463 413 2466 466 ἑ

553 506 759 595 βάρος
787 503 1156 575 ἀντίπαλον
1183 501 1585 594 δακρύοισιν
1611 500 1983 592 ἁμιλλᾶται.
2467 504 2468 510 ’

553 608 938 695 ἱκετεύομεν
963 604 1138 695 ἀμφὶ
1161 604 1292 675 σὰν

552 709 867 798 γενειάδα
895 711 1008 778 καὶ
1034 708 1206 796 γόνυ
1233 709 1348 776 καὶ
1378 709 1539 795 χέρα
1567 713 2001 796 προσπίτνων

551 811 788 882 πολιόν
813 838 885 879 τε
913 810 1211 900 δάκρυον
1240 807 1564 897 ἐκβαλών.

553 911 632 982 ἰῶ
663 928 817 1000 παῖ’,
846 912 1052 982 κατά-
2216 931 2357 982 1210

483 1009 494 1016 ’
552 1024 755 1102 σχεθε
782 1017 1048 1094 λέοντος
1075 1011 1321 1104 ἀγρίου
1347 1013 1600 1102 θυμόν,
1632 1008 1721 1093 ῶς

556 1121 814 1205 δρόμον
851 1121 958 1186 ἐπὶ
987 1117 1234 1205 φόνιον
1269 1114 1547 1184 ἀνόσιον
1578 1116 1828 1200 ἐξάγει,

487 1215 728 1346 Ικακά
752 1221 978 1288 θέλων
1003 1232 1235 1298 κακοῖς
1260 1219 1591 1304 συνάψαι,
1621 1220 1879 1286 τέκνον.

326 1258 470 1389 3H.
556 1319 692 1390 εἷεν
708 1344 721 1357 ·
755 1321 830 1390 σὲ
857 1318 977 1391 τὸν
1003 1319 1349 1390 θάσσοντα
1379 1319 1755 1407 δυστήνους
1782 1321 1983 1409 ἕδρας

553 1420 778 1508 αὐδῶ,
812 1429 1114 1509 φίλοισιν
1140 1420 1319 1510 ὄμμα
1348 1420 1701 1492 δεικνύναι
1727 1419 1802 1490 τὸ
1833 1421 1973 1491 σόν.
2214 1440 2357 1492 1215

550 1520 775 1602 οὐδεὶς
802 1523 1037 1604 σκότος
1063 1523 1193 1613 γὰρ
1223 1514 1348 1594 οἷδ’
1382 1531 1515 1612 ἔχει
1540 1525 1753 1611 μέλαν
1776 1525 2005 1612 νέφος,

552 1621 730 1703 ὅστις
758 1630 986 1695 κακῶν
1014 1633 1155 1694 σῶν
1180 1623 1544 1716 συμφορὰν
1570 1624 1896 1715 κρύψειεν
1922 1623 2029 1695 ἄν.

554 1734 627 1795 τί
645 1754 760 1814 μοι
789 1734 1128 1816 προσείων
1153 1743 1345 1818 χεῖρα
1371 1735 1717 1816 σημαίνεις
1744 1727 1997 1814 φόνους

555 1824 644 1909 ῶς
667 1827 758 1916 μὴ
786 1828 996 1916 μύσος
1021 1857 1103 1916 με
1131 1837 1273 1899 σῶν
1300 1832 1473 1920 βάλῃ
1501 1828 2125 1920 προσφθεγμάτωνς

566 1929 773 2002 οὐδὲν
798 1933 984 2020 μέλει
1011 1960 1124 2015 μοι
1151 1932 1285 2003 σύν
1310 1962 1389 2022 γε
1416 1933 1526 2003 σοὶ
1551 1931 1879 2021 πράσσειν
1904 1939 2165 2015 κακῶς·
2211 1951 2352 2007 1220

557 2037 669 2103 καὶ
698 2033 826 2124 γάρ
857 2030 1005 2103 ποτ’
1032 2032 1377 2123 ηὖτύχησ’·
1420 2032 1624 2104 ἐκεῖσ’
1658 2031 2041 2123 ἀνοιστέον,

559 2132 660 2203 ὅτ’
695 2136 1016 2217 ἐξέσωσάς
1041 2132 1115 2224 μ’
1153 2143 1247 2217 είς
1282 2138 1453 2224 φάος
1477 2142 1747 2225 νεκρῶν
1774 2135 1976 2226 πάρα.

556 2236 752 2324 χάριν
782 2236 858 2305 δὲ
884 2238 1359 2325 γηράσκουσαν
1386 2242 1681 2327 ἐχθαίρω
1711 2244 1933 2324 φίλων

554 2338 667 2404 καὶ
698 2343 836 2405 τῶν
864 2344 1090 2405 καλῶν
1116 2340 1242 2425 μὲν
1270 2336 1450 2420 ὅστις
1476 2337 1847 2410 ἀπολαύειν
1873 2343 2088 2429 θέλει,

554 2446 886 2526 συμπλεῖν
919 2438 995 2507 δὲ
1021 2454 1158 2522 τοῖς
1191 2448 1450 2530 φίλοισι
1484 2448 1939 2530 δυστυχοῦσιν
1964 2440 2069 2511 οῦ.
2215 2461 2351 2515 1225

553 2537 880 2629 ἀνίστασ’,
912 2542 1298 2626 ἐκκάλυψον
1325 2541 1571 2614 ἄθλιον
1597 2544 1792 2633 κάρα,

556 2646 811 2729 βλέψον
840 2642 1006 2732 πρὸς
1032 2640 1219 2733 ἡμᾶς.
1279 2642 1460 2725 ὅστις
1487 2643 1767 2734 εὐγενὴς
1795 2653 2083 2736 βροτῶν,

551 2745 752 2832 φέρει
771 2743 853 2814 τὰ
878 2754 1067 2815 θεῶν
1092 2775 1171 2834 γε
1197 2745 1495 2835 πτώματ’
1529 2745 1682 2817 οὐδ’
1715 2746 2080 2819 ἀναίνεται.

322 2852 460 2913 ΗΡ.
545 2853 805 2934 Θησεῦ,
837 2850 1162 2936 δέδορκας
1188 2846 1375 2920 τόνδ’
1409 2846 1621 2937 ἀγῶν’
1656 2854 1835 2937 ἐμῶν
1866 2852 2159 2932 τέκνων;

323 2954 468 3015 ΘΗ.
551 2944 846 3035 ἥκουσα,
877 2951 990 3017 καὶ
1017 2954 1333 3037 βλέποντι
1361 2959 1707 3041 σημαίνεις
1735 2954 1924 3021 κακά.
2204 2970 2347 3025 1230

319 3057 460 3117 HP.
541 3057 611 3119 τί
631 3051 800 3139 δῆτά
827 3079 960 3139 μου
987 3050 1180 3143 κρᾶτ’
1213 3051 1641 3136 ἀνεκάλυψας
1667 3051 1869 3146 ἡλίφς

322 3160 467 3219 ΘΗ.
555 3160 626 3221 τί
646 3152 739 3236 δ’;
771 3150 855 3223 οῦ
881 3163 1170 3242 μιαίνεις
1197 3155 1451 3245 θνητὸς
1480 3152 1579 3226 ῶν
1606 3154 1688 3226 τὰ
1715 3162 1853 3225 τῶν
1877 3161 2087 3227 θεῶν.

321 3258 460 3321 ΗΡ.
546 3252 776 3341 φεῦγ’,
806 3248 862 3324 ῶ
889 3255 1282 3347 ταλαίπωρ’,
1314 3254 1591 3329 ἀνόσιον
1618 3255 1856 3346 μίασμ’
1892 3257 2071 3345 ἐμόν.

323 3362 468 3422 ΘΗ.
559 3352 785 3437 οὐδεὶς
813 3354 1118 3447 ἀλάστωρ
1150 3375 1289 3440 τοῖς
1318 3369 1541 3447 φίλοις
1569 3364 1643 3429 ἐκ
1675 3367 1813 3429 τῶν
1841 3366 2107 3447 φίλων.,

321 3462 458 3521 ΗΡ.
543 3454 836 3539 έπῄνεσ’·
870 3450 950 3525 εὖ
977 3459 1227 3546 δράσας
1257 3464 1338 3528 δέ
1360 3459 1426 3527 σ’
1461 3459 1589 3529 οὐκ
1618 3458 1998 3548 ἀναίνομαι.
2207 3477 2340 3533 1235

2471 1477 2482 1570 ⁴.
