2492 3900
336 174 455 237 194

337 355 399 415 Χ
399 354 479 414 Ο.

334 456 473 518 EA.

342 558 476 617 XO.

342 659 472 718 EA.

336 762 401 820 Χ
402 761 477 820 Ο.

337 863 471 921 EA.

338 964 478 1023 XO.

1176 174 1294 230 ΕΛ
1293 173 1421 232 ΕΝ
1415 175 1481 230 Η

567 351 661 424 εἰς
692 341 1049 431 ξυμφορὰν
1074 340 1204 430 γὰρ
1238 338 1388 408 ἀντὶ
1417 339 1728 429 τάγαθοῦ
1761 343 1974 429 φέρει.

562 445 777 534 φόβος
803 444 931 533 γὰρ
964 452 1059 524 εἰς
1084 443 1159 512 τὸ
1191 449 1388 530 δεῖμα
1415 441 1803 531 περιβαλών
1830 440 1899 530 μ’
1933 440 2104 530 ἄγει.

562 555 703 627 πῶς
730 544 795 615 δ’
832 543 1181 634 εὐμενείας
1206 540 1449 614 τοισίδ’
1484 548 1559 613 έν
1585 544 1815 632 δόμοις
1836 552 2040 632 ἔχεις;

558 649 802 728 πάντες
829 656 1017 736 φίλοι
1044 675 1157 735 μοι
1183 645 1362 734 πλὴν
1387 642 1426 715 ὁ
1455 645 1779 735 θηρεύων
1803 647 2077 734 γάμους.

561 747 733 820 οἶσθ’
764 743 893 819 οὖν
922 746 963 817 ὃ
978 755 1266 839 δρᾶσονς
1293 747 1632 836 μνήματος
1661 745 1923 818 λιποῦο)
1955 752 2185 839 ἕδραν,
2246 767 2354 820 315

560 859 655 932 εἰς
684 867 881 920 ποῖον
908 853 1130 940 ἕρπεις
1155 857 1387 939 μῦθον
1413 845 1458 937 ἦ
1483 857 1914 940 παραίνεσιν;

560 949 835 1022 ἐλθοῦσ’
870 957 936 1033 ἐς
963 963 1223 1038 οἴκους,
1257 948 1304 1039 ἢ
1341 949 1424 1020 τὰ
1451 948 1646 1021 πάντ’
1677 955 2039 1040 ἐπίσταται,

562 1063 678 1142 τῆς
706 1062 981 1135 ποντίας
1002 1059 1325 1143 Νηρῇδος
1352 1052 1636 1140 ἐκγόνου
1663 1054 1887 1143 κόρης,

566 1164 801 1226 πυθοῦ
828 1149 1028 1226 πόσιν
1054 1155 1179 1226 σὸν
1209 1155 1502 1242 Θεονόης
1532 1152 1654 1224 εἴτ’
1691 1153 1826 1224 ἔστ’
1859 1163 1956 1225 ἔτι

570 1257 692 1328 εἶτ’
724 1261 1066 1327 ἐκλέλοιπε
1094 1261 1340 1346 φέγγος
1359 1279 1376 1293 ·
1407 1260 1796 1345 ἐκμαθοῦσα
1827 1254 1908 1326 δὲ
2246 1277 2358 1330 320

566 1359 734 1448 πρὸς
760 1359 875 1440 τὰς
902 1361 1105 1448 τύχας
1130 1359 1204 1428 τὸ
1231 1359 1450 1448 χάρμα
1479 1357 1636 1438 τοῦς
1663 1357 1864 1446 γόους
1889 1356 1949 1428 τ’
1983 1368 2112 1447 ἔχε.

455 1549 460 1554 .
567 1463 729 1548 πρὶν
756 1458 823 1528 δ’
862 1459 1067 1530 οὐδὲν
1094 1459 1322 1550 ὀρθῶς
1350 1463 1632 1548 εἰδέναι,
1660 1468 1732 1530 τί
1755 1483 1862 1530 σοι
1891 1465 2098 1530 πλέον

342 2283 474 2343 ΕΛ.

339 2690 479 2748 ΧΟ.

340 2790 473 2850 ΕΛ.

342 3093 477 3153 ΧΟ.

342 3295 472 3358 ΕΛ.

566 1563 954 1650 λυπουμένῃ
984 1558 1227 1651 γένοιτ’
1261 1559 1380 1645 ἇν;
1411 1559 1560 1631 ἀλλ’
1594 1563 1738 1649 ἐμοὶ
1763 1570 2006 1632 πιθοῦ·

567 1663 783 1751 τάφον
808 1671 1095 1733 λιποῦσα
1120 1664 1318 1733 τόνδε
1347 1664 1674 1752 σύμμιξον
1699 1661 1886 1755 κόρῃ,

568 1761 863 1855 ὅθενπερ
894 1776 1055 1834 εἴσει
1088 1765 1335 1852 πάντα,
1366 1763 1628 1855 τάληθῆ
1655 1767 1936 1858 φράσαι·
2247 1788 2356 1840 325

567 1863 787 1955 ἕχουσ’
820 1870 894 1938 ἐν
922 1877 1130 1948 οἴκοις
1169 1868 1371 1956 τήνδε
1409 1875 1481 1936 τι’
1499 1873 1764 1957 βλέπεις
1787 1869 2050 1957 πρόσω;

564 1973 747 2039 θέλω
777 1970 853 2040 δὲ
880 1968 1065 2059 κάγώ
1098 1972 1205 2040 σοὶ
1233 1981 1704 2041 συνεισελθεῖν
1730 1970 1979 2059 δόμους

564 2073 679 2139 καὶ
706 2075 1190 2159 συμπυθέσθαι
1217 2075 1568 2160 παρθένου
1593 2080 2014 2161 θεσπίσματα
2029 2095 2044 2109 ·

564 2189 855 2261 γυναῖκα
887 2173 1015 2262 γὰρ
1046 2171 1129 2261 δὴ
1158 2190 1532 2262 συμπονεῖν
1557 2177 1828 2266 γυναικὶ
1855 2176 1999 2263 χρή.

561 2280 791 2362 φίλαι,
822 2275 1068 2363 λόγους
1095 2275 1450 2363 ἐδεξάμαν·
2061 2300 2204 2365 στρ.
2245 2294 2352 2347 330

566 2380 727 2462 βᾶτε
754 2382 913 2464 βᾶτε
942 2372 1008 2446 δ’
1040 2382 1135 2457 εἰς
1163 2376 1432 2464 δόμους,

570 2474 833 2564 ἀγῶνας
860 2481 1048 2559 ἐντὸς
1079 2484 1332 2563 [οἴκων]
1361 2476 1451 2561 ὥς

566 2578 889 2668 πύθησθε
917 2580 1077 2661 τούς
1105 2580 1326 2671 ἐμούς.

564 2683 903 2751 θέλουσαν
930 2680 1012 2753 οὐ
1041 2683 1232 2771 μόλις
1257 2691 1502 2763 καλεῖς.

560 2781 638 2851 ἰώ
668 2786 899 2869 μέλεος
928 2781 1159 2873 ἁμέρα.
2249 2802 2353 2857 335

566 2881 698 2952 τίν’
738 2880 867 2972 ἄρα
894 2884 1175 2953 τάλαινα
1202 2893 1354 2954 τίνα
1382 2887 1680 2977 δακρυό-

570 3011 726 3053 εντα
756 2984 960 3072 λόγον
986 2982 1391 3075 άκούσομαις

559 3084 649 3174 μὴ
677 3084 1043 3174 πρόμαντις
1073 3083 1336 3176 ἀλγέων

564 3186 1017 3277 προλάμβαν’,
1051 3180 1106 3257 ὦ
1134 3199 1334 3277 φίλα,
1363 3190 1583 3279 γόους.

560 3296 630 3359 τί
650 3316 763 3376 μοι
790 3291 981 3370 πόσις
1009 3294 1241 3378 μέλεος
1269 3300 1458 3375 ἔτλα;
2061 3288 2210 3361 ἀντ.
2247 3308 2356 3363 340

562 3390 810 3479 πότερα
836 3394 1141 3481 δέρκεται
1170 3394 1341 3481 φάος
2087 3430 2094 3435 ·

951 3510 1057 3563 330
1074 3534 1148 3545 --·
1165 3510 1270 3565 339
1293 3535 1378 3565 :::-·...
1405 3512 1511 3566 340
1527 3536 1600 3546 -··
1621 3510 1725 3567 347
