<?xml version="1.0" encoding="UTF-8"?>
<!DOCTYPE html PUBLIC "-//W3C//DTD XHTML 1.0 Transitional//EN"
    "http://www.w3.org/TR/xhtml1/DTD/xhtml1-transitional.dtd">
<html xmlns="http://www.w3.org/1999/xhtml" xml:lang="en" lang="en">
 <head>
  <title>
</title>
<meta http-equiv="Content-Type" content="text/html;charset=utf-8" />
  <meta name='ocr-system' content='tesseract 3.04.00' />
  <meta name='ocr-capabilities' content='ocr_page ocr_carea ocr_par ocr_line ocrx_word'/>
</head>
<body>
  <div class='ocr_page' id='page_1' title='image "./evripidistragoe03eurigoog/evripidistragoe03eurigoog_0047.png"; bbox 0 0 2492 3900; ppageno 0'>
   <div class='ocr_carea' id='block_1_1' title="bbox 1238 0 1259 26">
    <p class='ocr_par' dir='ltr' id='par_1_1' title="bbox 1238 0 1259 26">
     <span class='ocr_line' id='line_1_1' title="bbox 1238 0 1259 26; baseline 0 0"><span class='ocrx_word' id='word_1_1' title='bbox 1238 0 1259 26; x_wconf 70' lang='lat'><em>0</em></span> 
     </span>
    </p>
   </div>
   <div class='ocr_carea' id='block_1_2' title="bbox 747 141 2163 196">
    <p class='ocr_par' dir='ltr' id='par_1_2' title="bbox 747 141 2163 196">
     <span class='ocr_line' id='line_1_2' title="bbox 747 141 2163 196; baseline 0.001 -5"><span class='ocrx_word' id='word_1_2' title='bbox 747 141 848 192; x_wconf 88' lang='lat' dir='ltr'><strong>DE</strong></span> <span class='ocrx_word' id='word_1_3' title='bbox 885 141 1257 194; x_wconf 84' lang='lat' dir='ltr'>EVRIPIDIS</span> <span class='ocrx_word' id='word_1_4' title='bbox 1293 141 1596 194; x_wconf 78' lang='lat' dir='ltr'>INGENIO</span> <span class='ocrx_word' id='word_1_5' title='bbox 1929 143 2163 196; x_wconf 87' lang='lat' dir='ltr'>XXXIX</span> 
     </span>
    </p>
   </div>
   <div class='ocr_carea' id='block_1_3' title="bbox 165 291 2164 710">
    <p class='ocr_par' dir='ltr' id='par_1_3' title="bbox 165 291 2164 710">
     <span class='ocr_line' id='line_1_3' title="bbox 167 291 2161 372; baseline -0.001 -16"><span class='ocrx_word' id='word_1_6' title='bbox 167 298 390 356; x_wconf 79' lang='lat' dir='ltr'><strong>futuro</strong></span> <span class='ocrx_word' id='word_1_7' title='bbox 445 294 672 354; x_wconf 85' lang='lat' dir='ltr'><strong>oratori</strong></span> <span class='ocrx_word' id='word_1_8' title='bbox 723 293 1097 356; x_wconf 79' lang='lat' dir='ltr'><strong>commendat</strong></span> <span class='ocrx_word' id='word_1_9' title='bbox 1139 291 1493 372; x_wconf 86' lang='lat' dir='ltr'><strong>Euripideas</strong></span> <span class='ocrx_word' id='word_1_10' title='bbox 1544 294 1877 372; x_wconf 78' lang='lat' dir='ltr'>tragoedias</span> <span class='ocrx_word' id='word_1_11' title='bbox 1932 291 2161 364; x_wconf 83' lang='lat' dir='ltr'><strong>Quinti-</strong></span> 
     </span>
     <span class='ocr_line' id='line_1_4' title="bbox 167 373 2163 459; baseline 0.002 -22"><span class='ocrx_word' id='word_1_12' title='bbox 167 379 376 440; x_wconf 87' lang='lat' dir='ltr'><strong>lianus</strong></span> <span class='ocrx_word' id='word_1_13' title='bbox 397 373 502 455; x_wconf 81' lang='grc'><strong>82)·</strong></span> <span class='ocrx_word' id='word_1_14' title='bbox 561 393 705 454; x_wconf 85' lang='lat' dir='ltr'><strong>quas</strong></span> <span class='ocrx_word' id='word_1_15' title='bbox 759 380 812 438; x_wconf 84' lang='lat' dir='ltr'><strong>si</strong></span> <span class='ocrx_word' id='word_1_16' title='bbox 857 377 928 438; x_wconf 92' lang='lat' dir='ltr'><strong>ad</strong></span> <span class='ocrx_word' id='word_1_17' title='bbox 973 379 1118 437; x_wconf 83' lang='lat' dir='ltr'><strong>artis</strong></span> <span class='ocrx_word' id='word_1_18' title='bbox 1162 376 1327 455; x_wconf 86' lang='lat' dir='ltr'><strong>leges</strong></span> <span class='ocrx_word' id='word_1_19' title='bbox 1370 380 1665 456; x_wconf 81' lang='lat' dir='ltr'><strong>exegeriS,</strong></span> <span class='ocrx_word' id='word_1_20' title='bbox 1728 376 1973 440; x_wconf 86' lang='lat' dir='ltr'><strong>habebis</strong></span> <span class='ocrx_word' id='word_1_21' title='bbox 2016 397 2163 459; x_wconf 89' lang='lat' dir='ltr'><strong>quae</strong></span> 
     </span>
     <span class='ocr_line' id='line_1_5' title="bbox 165 460 2160 542; baseline 0.001 -20"><span class='ocrx_word' id='word_1_22' title='bbox 165 465 378 542; x_wconf 86' lang='lat' dir='ltr'><strong>minus</strong></span> <span class='ocrx_word' id='word_1_23' title='bbox 445 460 686 540; x_wconf 79' lang='lat' dir='ltr'><strong>probes.</strong></span> <span class='ocrx_word' id='word_1_24' title='bbox 775 479 912 523; x_wconf 87' lang='lat' dir='ltr'><strong>nam</strong></span> <span class='ocrx_word' id='word_1_25' title='bbox 979 461 1445 540; x_wconf 78' lang='lat' dir='ltr'><strong>disputationum</strong></span> <span class='ocrx_word' id='word_1_26' title='bbox 1516 461 1825 540; x_wconf 82' lang='lat' dir='ltr'>ambages,</span> <span class='ocrx_word' id='word_1_27' title='bbox 1894 460 2160 524; x_wconf 90' lang='lat' dir='ltr'><strong>locorum</strong></span> 
     </span>
     <span class='ocr_line' id='line_1_6' title="bbox 169 543 2164 626; baseline 0.001 -20"><span class='ocrx_word' id='word_1_28' title='bbox 169 546 594 608; x_wconf 88' lang='lat' dir='ltr'><strong>communium</strong></span> <span class='ocrx_word' id='word_1_29' title='bbox 651 543 963 624; x_wconf 80' lang='lat' dir='ltr'>splendor,</span> <span class='ocrx_word' id='word_1_30' title='bbox 1028 543 1419 625; x_wconf 80' lang='lat' dir='ltr'><strong>philosophae</strong></span> <span class='ocrx_word' id='word_1_31' title='bbox 1474 545 1871 622; x_wconf 81' lang='lat' dir='ltr'><strong>digressiones</strong></span> <span class='ocrx_word' id='word_1_32' title='bbox 1935 547 2164 626; x_wconf 84' lang='lat' dir='ltr'><strong>aliaque</strong></span> 
     </span>
     <span class='ocr_line' id='line_1_7' title="bbox 168 625 2161 710; baseline 0.002 -21"><span class='ocrx_word' id='word_1_33' title='bbox 168 633 558 692; x_wconf 81' lang='lat' dir='ltr'><strong>extrinsecus</strong></span> <span class='ocrx_word' id='word_1_34' title='bbox 603 631 881 690; x_wconf 86' lang='lat' dir='ltr'><strong>arcessita</strong></span> <span class='ocrx_word' id='word_1_35' title='bbox 897 625 1000 708; x_wconf 76' lang='lat'><strong>⁸³),</strong></span> <span class='ocrx_word' id='word_1_36' title='bbox 1063 637 1128 689; x_wconf 89' lang='lat' dir='ltr'><strong>ut</strong></span> <span class='ocrx_word' id='word_1_37' title='bbox 1168 647 1278 708; x_wconf 88' lang='lat' dir='ltr'><strong>per</strong></span> <span class='ocrx_word' id='word_1_38' title='bbox 1321 647 1385 690; x_wconf 86' lang='lat' dir='ltr'><strong>se</strong></span> <span class='ocrx_word' id='word_1_39' title='bbox 1430 635 1695 708; x_wconf 84' lang='lat' dir='ltr'><strong>spectata</strong></span> <span class='ocrx_word' id='word_1_40' title='bbox 1739 631 1995 690; x_wconf 83' lang='lat' dir='ltr'><strong>maxime</strong></span> <span class='ocrx_word' id='word_1_41' title='bbox 2039 632 2161 710; x_wconf 90' lang='lat' dir='ltr'><strong>pla-</strong></span> 
     </span>
    </p>
   </div>
   <div class='ocr_carea' id='block_1_4' title="bbox 168 712 2237 782">
    <p class='ocr_par' dir='ltr' id='par_1_4' title="bbox 168 712 2237 782">
     <span class='ocr_line' id='line_1_8' title="bbox 168 712 2237 782; baseline 0.002 -8"><span class='ocrx_word' id='word_1_42' title='bbox 168 722 380 782; x_wconf 84' lang='lat' dir='ltr'><strong>ceant,</strong></span> <span class='ocrx_word' id='word_1_43' title='bbox 426 720 622 774; x_wconf 86' lang='lat' dir='ltr'><strong>tamen</strong></span> <span class='ocrx_word' id='word_1_44' title='bbox 666 712 882 775; x_wconf 80' lang='lat' dir='ltr'><strong>sabulis</strong></span> <span class='ocrx_word' id='word_1_45' title='bbox 925 714 1154 774; x_wconf 85' lang='lat' dir='ltr'><strong>intexta</strong></span> <span class='ocrx_word' id='word_1_46' title='bbox 1183 731 1304 774; x_wconf 91' lang='lat' dir='ltr'><strong>non</strong></span> <span class='ocrx_word' id='word_1_47' title='bbox 1349 713 1537 774; x_wconf 90' lang='lat' dir='ltr'><strong>solum</strong></span> <span class='ocrx_word' id='word_1_48' title='bbox 1567 720 1874 775; x_wconf 89' lang='lat' dir='ltr'><strong>morantur</strong></span> <span class='ocrx_word' id='word_1_49' title='bbox 1918 716 2162 776; x_wconf 90' lang='lat' dir='ltr'><strong>actionis</strong></span> <span class='ocrx_word' id='word_1_50' title='bbox 2228 761 2237 779; x_wconf 89' lang='lat'><strong>.</strong></span> 
     </span>
    </p>
   </div>
   <div class='ocr_carea' id='block_1_5' title="bbox 168 796 2165 1883">
    <p class='ocr_par' dir='ltr' id='par_1_5' title="bbox 168 796 2165 1883">
     <span class='ocr_line' id='line_1_9' title="bbox 171 796 2162 874; baseline 0.002 -18"><span class='ocrx_word' id='word_1_51' title='bbox 171 799 510 860; x_wconf 85' lang='lat' dir='ltr'><strong>decursum</strong></span> <span class='ocrx_word' id='word_1_52' title='bbox 556 804 614 857; x_wconf 88' lang='lat' dir='ltr'><strong>et</strong></span> <span class='ocrx_word' id='word_1_53' title='bbox 658 798 814 858; x_wconf 88' lang='lat' dir='ltr'><strong>mole</strong></span> <span class='ocrx_word' id='word_1_54' title='bbox 859 798 1029 874; x_wconf 84' lang='lat' dir='ltr'><strong>quasi</strong></span> <span class='ocrx_word' id='word_1_55' title='bbox 1072 796 1269 858; x_wconf 84' lang='lat' dir='ltr'><strong>inutili</strong></span> <span class='ocrx_word' id='word_1_56' title='bbox 1311 803 1590 867; x_wconf 89' lang='lat' dir='ltr'><strong>onerant,</strong></span> <span class='ocrx_word' id='word_1_57' title='bbox 1650 797 1755 859; x_wconf 90' lang='lat' dir='ltr'><strong>sed</strong></span> <span class='ocrx_word' id='word_1_58' title='bbox 1802 798 1975 860; x_wconf 86' lang='lat' dir='ltr'><strong>etiam</strong></span> <span class='ocrx_word' id='word_1_59' title='bbox 2022 815 2162 859; x_wconf 89' lang='lat' dir='ltr'><strong>con·</strong></span> 
     </span>
     <span class='ocr_line' id='line_1_10' title="bbox 168 879 2159 958; baseline 0.001 -16"><span class='ocrx_word' id='word_1_60' title='bbox 168 891 427 942; x_wconf 83' lang='lat' dir='ltr'><strong>centum</strong></span> <span class='ocrx_word' id='word_1_61' title='bbox 473 879 838 958; x_wconf 87' lang='lat' dir='ltr'><strong>singularum</strong></span> <span class='ocrx_word' id='word_1_62' title='bbox 883 882 1142 958; x_wconf 87' lang='lat' dir='ltr'><strong>partium</strong></span> <span class='ocrx_word' id='word_1_63' title='bbox 1187 879 1361 942; x_wconf 82' lang='lat' dir='ltr'><strong>facile</strong></span> <span class='ocrx_word' id='word_1_64' title='bbox 1406 880 1667 944; x_wconf 90' lang='lat' dir='ltr'><strong>turbant.</strong></span> <span class='ocrx_word' id='word_1_65' title='bbox 1758 888 1818 942; x_wconf 91' lang='lat' dir='ltr'><strong>et</strong></span> <span class='ocrx_word' id='word_1_66' title='bbox 1858 881 2159 944; x_wconf 79' lang='lat' dir='ltr'><strong>fatendum</strong></span> 
     </span>
     <span class='ocr_line' id='line_1_11' title="bbox 175 963 2161 1044; baseline 0 -18"><span class='ocrx_word' id='word_1_67' title='bbox 175 973 274 1026; x_wconf 87' lang='lat' dir='ltr'><strong>est</strong></span> <span class='ocrx_word' id='word_1_68' title='bbox 317 967 422 1025; x_wconf 83' lang='lat' dir='ltr'><strong>vix</strong></span> <span class='ocrx_word' id='word_1_69' title='bbox 469 963 644 1025; x_wconf 88' lang='lat' dir='ltr'><strong>ullius</strong></span> <span class='ocrx_word' id='word_1_70' title='bbox 685 965 920 1026; x_wconf 87' lang='lat' dir='ltr'><strong>fabulae</strong></span> <span class='ocrx_word' id='word_1_71' title='bbox 964 965 1317 1043; x_wconf 89' lang='lat' dir='ltr'><strong>Euripideae</strong></span> <span class='ocrx_word' id='word_1_72' title='bbox 1361 966 1685 1044; x_wconf 76' lang='lat' dir='ltr'><strong>perfectam</strong></span> <span class='ocrx_word' id='word_1_73' title='bbox 1732 983 1863 1026; x_wconf 86' lang='lat' dir='ltr'><strong>esse</strong></span> <span class='ocrx_word' id='word_1_74' title='bbox 1908 983 2161 1028; x_wconf 90' lang='lat' dir='ltr'><strong>oecono-</strong></span> 
     </span>
     <span class='ocr_line' id='line_1_12' title="bbox 173 1047 2163 1130; baseline 0.001 -22"><span class='ocrx_word' id='word_1_75' title='bbox 173 1049 360 1109; x_wconf 87' lang='lat' dir='ltr'><strong>miam</strong></span> <span class='ocrx_word' id='word_1_76' title='bbox 409 1055 471 1109; x_wconf 90' lang='lat' dir='ltr'><strong>et</strong></span> <span class='ocrx_word' id='word_1_77' title='bbox 513 1049 652 1110; x_wconf 88' lang='lat' dir='ltr'><strong>satis</strong></span> <span class='ocrx_word' id='word_1_78' title='bbox 696 1047 1014 1126; x_wconf 84' lang='lat' dir='ltr'><strong>diligenter</strong></span> <span class='ocrx_word' id='word_1_79' title='bbox 1058 1047 1440 1110; x_wconf 85' lang='lat' dir='ltr'><strong>elaboratam.</strong></span> <span class='ocrx_word' id='word_1_80' title='bbox 1530 1067 1667 1110; x_wconf 88' lang='lat' dir='ltr'><strong>nam</strong></span> <span class='ocrx_word' id='word_1_81' title='bbox 1712 1048 1975 1127; x_wconf 81' lang='lat' dir='ltr'><strong>prologi,</strong></span> <span class='ocrx_word' id='word_1_82' title='bbox 2032 1054 2163 1130; x_wconf 87' lang='lat' dir='ltr'><strong>qui-</strong></span> 
     </span>
     <span class='ocr_line' id='line_1_13' title="bbox 173 1131 2165 1211; baseline 0 -18"><span class='ocrx_word' id='word_1_83' title='bbox 173 1133 294 1194; x_wconf 89' lang='lat' dir='ltr'><strong>bus</strong></span> <span class='ocrx_word' id='word_1_84' title='bbox 353 1133 442 1192; x_wconf 89' lang='lat' dir='ltr'><strong>rei</strong></span> <span class='ocrx_word' id='word_1_85' title='bbox 499 1140 685 1193; x_wconf 84' lang='lat' dir='ltr'><strong>status</strong></span> <span class='ocrx_word' id='word_1_86' title='bbox 743 1134 1094 1211; x_wconf 80' lang='lat' dir='ltr'><strong>exponitur,</strong></span> <span class='ocrx_word' id='word_1_87' title='bbox 1151 1136 1365 1195; x_wconf 88' lang='lat' dir='ltr'><strong>merito</strong></span> <span class='ocrx_word' id='word_1_88' title='bbox 1422 1133 1610 1194; x_wconf 89' lang='lat' dir='ltr'><strong>ieiuni</strong></span> <span class='ocrx_word' id='word_1_89' title='bbox 1664 1131 1961 1194; x_wconf 90' lang='lat' dir='ltr'><strong>habentur</strong></span> <span class='ocrx_word' id='word_1_90' title='bbox 2016 1141 2074 1193; x_wconf 89' lang='lat' dir='ltr'><strong>et</strong></span> <span class='ocrx_word' id='word_1_91' title='bbox 2132 1153 2165 1193; x_wconf 91' lang='lat' dir='ltr'><strong>a</strong></span> 
     </span>
     <span class='ocr_line' id='line_1_14' title="bbox 173 1215 2165 1297; baseline 0.001 -21"><span class='ocrx_word' id='word_1_92' title='bbox 173 1216 450 1296; x_wconf 77' lang='lat' dir='ltr'><strong>perfecta</strong></span> <span class='ocrx_word' id='word_1_93' title='bbox 507 1223 632 1278; x_wconf 87' lang='lat' dir='ltr'><strong>arte</strong></span> <span class='ocrx_word' id='word_1_94' title='bbox 687 1215 890 1285; x_wconf 89' lang='lat' dir='ltr'><strong>alieni;</strong></span> <span class='ocrx_word' id='word_1_95' title='bbox 947 1218 1010 1276; x_wconf 92' lang='lat' dir='ltr'><strong>in</strong></span> <span class='ocrx_word' id='word_1_96' title='bbox 1065 1218 1180 1278; x_wconf 82' lang='lat' dir='ltr'><strong>fine</strong></span> <span class='ocrx_word' id='word_1_97' title='bbox 1237 1234 1416 1297; x_wconf 91' lang='lat' dir='ltr'><strong>saepe</strong></span> <span class='ocrx_word' id='word_1_98' title='bbox 1473 1216 1551 1278; x_wconf 88' lang='lat' dir='ltr'><strong>dii</strong></span> <span class='ocrx_word' id='word_1_99' title='bbox 1610 1215 2001 1286; x_wconf 84' lang='lat' dir='ltr'><strong>advocantur,</strong></span> <span class='ocrx_word' id='word_1_100' title='bbox 2062 1219 2165 1294; x_wconf 87' lang='lat' dir='ltr'><strong>qui</strong></span> 
     </span>
     <span class='ocr_line' id='line_1_15' title="bbox 172 1299 2159 1380; baseline 0.002 -22"><span class='ocrx_word' id='word_1_101' title='bbox 172 1299 452 1362; x_wconf 84' lang='lat' dir='ltr'><strong>turbatas</strong></span> <span class='ocrx_word' id='word_1_102' title='bbox 520 1319 622 1360; x_wconf 86' lang='lat' dir='ltr'><strong>res</strong></span> <span class='ocrx_word' id='word_1_103' title='bbox 687 1307 1044 1378; x_wconf 85' lang='lat' dir='ltr'><strong>componant</strong></span> <span class='ocrx_word' id='word_1_104' title='bbox 1103 1301 1195 1360; x_wconf 88' lang='lat' dir='ltr'><strong>vel</strong></span> <span class='ocrx_word' id='word_1_105' title='bbox 1249 1302 1447 1380; x_wconf 88' lang='lat' dir='ltr'><strong>potius</strong></span> <span class='ocrx_word' id='word_1_106' title='bbox 1512 1300 1731 1362; x_wconf 87' lang='lat' dir='ltr'><strong>nodum</strong></span> <span class='ocrx_word' id='word_1_107' title='bbox 1798 1300 2159 1369; x_wconf 88' lang='lat' dir='ltr'><strong>discindant;</strong></span> 
     </span>
     <span class='ocr_line' id='line_1_16' title="bbox 175 1383 2161 1462; baseline 0.001 -18"><span class='ocrx_word' id='word_1_108' title='bbox 175 1383 367 1444; x_wconf 85' lang='lat' dir='ltr'><strong>multa</strong></span> <span class='ocrx_word' id='word_1_109' title='bbox 438 1383 606 1446; x_wconf 89' lang='lat' dir='ltr'><strong>chori</strong></span> <span class='ocrx_word' id='word_1_110' title='bbox 662 1386 892 1456; x_wconf 82' lang='lat' dir='ltr'><strong>cantica</strong></span> <span class='ocrx_word' id='word_1_111' title='bbox 946 1401 1080 1444; x_wconf 90' lang='lat' dir='ltr'><strong>cum</strong></span> <span class='ocrx_word' id='word_1_112' title='bbox 1147 1386 1379 1446; x_wconf 83' lang='lat' dir='ltr'><strong>actione</strong></span> <span class='ocrx_word' id='word_1_113' title='bbox 1430 1401 1641 1462; x_wconf 87' lang='lat' dir='ltr'><strong>parum</strong></span> <span class='ocrx_word' id='word_1_114' title='bbox 1698 1393 1863 1446; x_wconf 89' lang='lat' dir='ltr'><strong>arcto</strong></span> <span class='ocrx_word' id='word_1_115' title='bbox 1928 1385 2161 1448; x_wconf 87' lang='lat' dir='ltr'><strong>vinculo</strong></span> 
     </span>
     <span class='ocr_line' id='line_1_17' title="bbox 175 1466 2161 1549; baseline 0.001 -21"><span class='ocrx_word' id='word_1_116' title='bbox 175 1485 333 1530; x_wconf 84' lang='lat' dir='ltr'><strong>nexa</strong></span> <span class='ocrx_word' id='word_1_117' title='bbox 379 1474 548 1535; x_wconf 87' lang='lat' dir='ltr'><strong>sunt;</strong></span> <span class='ocrx_word' id='word_1_118' title='bbox 598 1466 850 1546; x_wconf 87' lang='lat' dir='ltr'><strong>denique</strong></span> <span class='ocrx_word' id='word_1_119' title='bbox 881 1470 944 1528; x_wconf 90' lang='lat' dir='ltr'><strong>in</strong></span> <span class='ocrx_word' id='word_1_120' title='bbox 991 1469 1263 1528; x_wconf 86' lang='lat' dir='ltr'><strong>universa</strong></span> <span class='ocrx_word' id='word_1_121' title='bbox 1296 1476 1590 1530; x_wconf 85' lang='lat' dir='ltr'><strong>structura</strong></span> <span class='ocrx_word' id='word_1_122' title='bbox 1632 1475 1691 1529; x_wconf 89' lang='lat' dir='ltr'><strong>et</strong></span> <span class='ocrx_word' id='word_1_123' title='bbox 1733 1471 2161 1549; x_wconf 87' lang='lat' dir='ltr'><strong>compositione</strong></span> 
     </span>
     <span class='ocr_line' id='line_1_18' title="bbox 175 1549 2161 1632; baseline 0.001 -20"><span class='ocrx_word' id='word_1_124' title='bbox 175 1570 279 1612; x_wconf 88' lang='lat' dir='ltr'><strong>ars</strong></span> <span class='ocrx_word' id='word_1_125' title='bbox 321 1551 426 1612; x_wconf 85' lang='lat' dir='ltr'><strong>illa</strong></span> <span class='ocrx_word' id='word_1_126' title='bbox 471 1549 874 1620; x_wconf 85' lang='lat' dir='ltr'><strong>desideratur,</strong></span> <span class='ocrx_word' id='word_1_127' title='bbox 933 1569 1049 1630; x_wconf 89' lang='lat' dir='ltr'><strong>qua</strong></span> <span class='ocrx_word' id='word_1_128' title='bbox 1094 1551 1361 1630; x_wconf 87' lang='lat' dir='ltr'><strong>singulae</strong></span> <span class='ocrx_word' id='word_1_129' title='bbox 1404 1561 1605 1632; x_wconf 87' lang='lat' dir='ltr'><strong>partes</strong></span> <span class='ocrx_word' id='word_1_130' title='bbox 1658 1561 1794 1631; x_wconf 88' lang='lat' dir='ltr'><strong>apte</strong></span> <span class='ocrx_word' id='word_1_131' title='bbox 1852 1553 2161 1615; x_wconf 86' lang='lat' dir='ltr'><strong>conclusae</strong></span> 
     </span>
     <span class='ocr_line' id='line_1_19' title="bbox 173 1634 2158 1716; baseline 0.001 -20"><span class='ocrx_word' id='word_1_132' title='bbox 173 1639 323 1697; x_wconf 87' lang='lat' dir='ltr'><strong>sint.</strong></span> <span class='ocrx_word' id='word_1_133' title='bbox 413 1637 632 1696; x_wconf 88' lang='lat' dir='ltr'><strong>ceteris</strong></span> <span class='ocrx_word' id='word_1_134' title='bbox 685 1634 903 1696; x_wconf 78' lang='lat' dir='ltr'><strong>fabulis</strong></span> <span class='ocrx_word' id='word_1_135' title='bbox 959 1636 1120 1696; x_wconf 90' lang='lat' dir='ltr'><strong>lonis</strong></span> <span class='ocrx_word' id='word_1_136' title='bbox 1175 1639 1521 1698; x_wconf 86' lang='lat' dir='ltr'><strong>oeconomia</strong></span> <span class='ocrx_word' id='word_1_137' title='bbox 1580 1637 1941 1716; x_wconf 84' lang='lat' dir='ltr'><strong>aliquantum</strong></span> <span class='ocrx_word' id='word_1_138' title='bbox 1985 1655 2158 1716; x_wconf 88' lang='lat' dir='ltr'><strong>prae·</strong></span> 
     </span>
     <span class='ocr_line' id='line_1_20' title="bbox 175 1719 2159 1800; baseline 0.002 -20"><span class='ocrx_word' id='word_1_139' title='bbox 175 1727 316 1780; x_wconf 82' lang='lat' dir='ltr'><strong>stat.</strong></span> <span class='ocrx_word' id='word_1_140' title='bbox 397 1735 684 1796; x_wconf 87' lang='lat' dir='ltr'><strong>personas</strong></span> <span class='ocrx_word' id='word_1_141' title='bbox 727 1737 872 1800; x_wconf 84' lang='lat' dir='ltr'><strong>quas</strong></span> <span class='ocrx_word' id='word_1_142' title='bbox 915 1727 1155 1797; x_wconf 84' lang='lat' dir='ltr'><strong>agentes</strong></span> <span class='ocrx_word' id='word_1_143' title='bbox 1200 1719 1514 1800; x_wconf 84' lang='lat' dir='ltr'><strong>Euripides</strong></span> <span class='ocrx_word' id='word_1_144' title='bbox 1557 1721 1836 1800; x_wconf 87' lang='lat' dir='ltr'><strong>proponit</strong></span> <span class='ocrx_word' id='word_1_145' title='bbox 1877 1739 1996 1782; x_wconf 89' lang='lat' dir='ltr'><strong>non</strong></span> <span class='ocrx_word' id='word_1_146' title='bbox 2040 1729 2159 1782; x_wconf 87' lang='lat' dir='ltr'><strong>tam</strong></span> 
     </span>
     <span class='ocr_line' id='line_1_21' title="bbox 177 1800 2160 1883; baseline 0.001 -20"><span class='ocrx_word' id='word_1_147' title='bbox 177 1800 447 1864; x_wconf 82' lang='lat' dir='ltr'><strong>excelsas</strong></span> <span class='ocrx_word' id='word_1_148' title='bbox 501 1802 669 1880; x_wconf 85' lang='lat' dir='ltr'><strong>fingit</strong></span> <span class='ocrx_word' id='word_1_149' title='bbox 725 1811 784 1864; x_wconf 89' lang='lat' dir='ltr'><strong>et</strong></span> <span class='ocrx_word' id='word_1_150' title='bbox 837 1805 1020 1866; x_wconf 84' lang='lat' dir='ltr'><strong>animi</strong></span> <span class='ocrx_word' id='word_1_151' title='bbox 1075 1807 1288 1865; x_wconf 86' lang='lat' dir='ltr'><strong>virtute</strong></span> <span class='ocrx_word' id='word_1_152' title='bbox 1342 1812 1445 1866; x_wconf 87' lang='lat' dir='ltr'><strong>aut</strong></span> <span class='ocrx_word' id='word_1_153' title='bbox 1512 1805 1843 1866; x_wconf 87' lang='lat' dir='ltr'><strong>constantia</strong></span> <span class='ocrx_word' id='word_1_154' title='bbox 1896 1806 2160 1883; x_wconf 90' lang='lat' dir='ltr'><strong>insignes</strong></span> 
     </span>
    </p>
   </div>
   <div class='ocr_carea' id='block_1_6' title="bbox 212 1937 594 1952">
    <p class='ocr_par' dir='ltr' id='par_1_6' title="bbox 212 1937 594 1952">
     <span class='ocr_line' id='line_1_22' title="bbox 212 1937 594 1952; baseline 0 1948"><span class='ocrx_word' id='word_1_155' title='bbox 212 1937 594 1952; x_wconf 95' lang='lat' dir='ltr'><strong> </strong></span> 
     </span>
    </p>
   </div>
   <div class='ocr_carea' id='block_1_7' title="bbox 173 2020 2235 3563">
    <p class='ocr_par' dir='ltr' id='par_1_7' title="bbox 175 2020 2235 2824">
     <span class='ocr_line' id='line_1_23' title="bbox 177 2020 2161 2102; baseline 0.001 -31"><span class='ocrx_word' id='word_1_156' title='bbox 177 2020 504 2085; x_wconf 80' lang='lat' dir='ltr'><strong>Euripidem</strong></span> <span class='ocrx_word' id='word_1_157' title='bbox 553 2020 690 2071; x_wconf 86' lang='lat' dir='ltr'><strong>dicit</strong></span> <span class='ocrx_word' id='word_1_158' title='bbox 733 2020 864 2073; x_wconf 80' lang='lat' dir='ltr'><strong>Pac.</strong></span> <span class='ocrx_word' id='word_1_159' title='bbox 901 2023 1019 2073; x_wconf 83' lang='lat'><strong>534.</strong></span> <span class='ocrx_word' id='word_1_160' title='bbox 1089 2036 1158 2071; x_wconf 87' lang='lat' dir='ltr'><strong>ex</strong></span> <span class='ocrx_word' id='word_1_161' title='bbox 1192 2020 1299 2071; x_wconf 84' lang='lat' dir='ltr'><strong>hoc</strong></span> <span class='ocrx_word' id='word_1_162' title='bbox 1306 2020 1615 2102; x_wconf 84' lang='lat' dir='ltr'><strong>Euripidis</strong></span> <span class='ocrx_word' id='word_1_163' title='bbox 1652 2021 1833 2071; x_wconf 88' lang='lat' dir='ltr'><strong>studio</strong></span> <span class='ocrx_word' id='word_1_164' title='bbox 1870 2026 2161 2102; x_wconf 83' lang='lat' dir='ltr'><strong>corruptos</strong></span> 
     </span>
     <span class='ocr_line' id='line_1_24' title="bbox 178 2074 2160 2166; baseline 0.002 -30"><span class='ocrx_word' id='word_1_165' title='bbox 178 2089 386 2137; x_wconf 82' lang='lat' dir='ltr'><strong>civium</strong></span> <span class='ocrx_word' id='word_1_166' title='bbox 421 2101 594 2137; x_wconf 81' lang='lat' dir='ltr'><strong>mores</strong></span> <span class='ocrx_word' id='word_1_167' title='bbox 629 2089 834 2166; x_wconf 83' lang='lat' dir='ltr'><strong>repetit</strong></span> <span class='ocrx_word' id='word_1_168' title='bbox 870 2089 1008 2139; x_wconf 81' lang='lat' dir='ltr'><strong>Rau.</strong></span> <span class='ocrx_word' id='word_1_169' title='bbox 1050 2090 1211 2140; x_wconf 88' lang='grc'>1083·</span> <span class='ocrx_word' id='word_1_170' title='bbox 1251 2074 1364 2139; x_wconf 74' lang='grc' dir='ltr'><strong>κᾶτ</strong></span> <span class='ocrx_word' id='word_1_171' title='bbox 1374 2080 1477 2139; x_wconf 76' lang='grc' dir='ltr'><strong>’ἐκ</strong></span> <span class='ocrx_word' id='word_1_172' title='bbox 1501 2080 1719 2139; x_wconf 74' lang='grc' dir='ltr'>τούτων</span> <span class='ocrx_word' id='word_1_173' title='bbox 1742 2081 1778 2154; x_wconf 86' lang='grc' dir='ltr'>ἡ</span> <span class='ocrx_word' id='word_1_174' title='bbox 1806 2082 1973 2148; x_wconf 75' lang='grc' dir='ltr'>πόλις</span> <span class='ocrx_word' id='word_1_175' title='bbox 1996 2081 2160 2155; x_wconf 80' lang='grc' dir='ltr'>ἡμῶν</span> 
     </span>
     <span class='ocr_line' id='line_1_25' title="bbox 181 2140 2161 2289; baseline 0.003 -19"><span class='ocrx_word' id='word_1_176' title='bbox 181 2170 456 2284; x_wconf 56' lang='lat' dir='ltr'><strong>&#39;’milii“</strong></span> <span class='ocrx_word' id='word_1_177' title='bbox 491 2140 1403 2286; x_wconf 57' lang='lat' dir='ltr'><strong>322⁰⁰3003⁹2135⁶13331uff²18⁰⁰t</strong></span> <span class='ocrx_word' id='word_1_178' title='bbox 1410 2147 2161 2289; x_wconf 51' lang='lat' dir='ltr'><strong>“ilminffssgzzgmz&#39;m</strong></span> 
     </span>
     <span class='ocr_line' id='line_1_26' title="bbox 177 2288 2160 2355; baseline 0.001 -16"><span class='ocrx_word' id='word_1_179' title='bbox 177 2305 284 2339; x_wconf 78' lang='lat' dir='ltr'><strong>non</strong></span> <span class='ocrx_word' id='word_1_180' title='bbox 315 2288 550 2351; x_wconf 76' lang='lat' dir='ltr'><strong>fateatur·</strong></span> <span class='ocrx_word' id='word_1_181' title='bbox 573 2304 778 2339; x_wconf 66' lang='lat' dir='ltr'><strong>necesse</strong></span> <span class='ocrx_word' id='word_1_182' title='bbox 803 2296 900 2353; x_wconf 73' lang='lat' dir='ltr'><strong>est,</strong></span> <span class='ocrx_word' id='word_1_183' title='bbox 935 2292 999 2340; x_wconf 80' lang='lat' dir='ltr'><strong>iis</strong></span> <span class='ocrx_word' id='word_1_184' title='bbox 1023 2292 1110 2355; x_wconf 81' lang='lat' dir='ltr'><strong>qui</strong></span> <span class='ocrx_word' id='word_1_185' title='bbox 1140 2306 1196 2340; x_wconf 73' lang='lat' dir='ltr'><strong>se</strong></span> <span class='ocrx_word' id='word_1_186' title='bbox 1219 2292 1293 2341; x_wconf 84' lang='lat' dir='ltr'><strong>ad</strong></span> <span class='ocrx_word' id='word_1_187' title='bbox 1314 2292 1559 2355; x_wconf 69' lang='lat' dir='ltr'><strong>ayeudum</strong></span> <span class='ocrx_word' id='word_1_188' title='bbox 1582 2298 1879 2355; x_wconf 79' lang='lat' dir='ltr'><strong>comparant</strong></span> <span class='ocrx_word' id='word_1_189' title='bbox 1912 2293 2160 2343; x_wconf 78' lang='lat' dir='ltr'><strong>utiliorem</strong></span> 
     </span>
     <span class='ocr_line' id='line_1_27' title="bbox 175 2354 2160 2425; baseline 0.002 -19"><span class='ocrx_word' id='word_1_190' title='bbox 175 2360 330 2419; x_wconf 72' lang='lat' dir='ltr'><strong>lonye</strong></span> <span class='ocrx_word' id='word_1_191' title='bbox 372 2354 494 2419; x_wconf 75' lang='lat' dir='ltr'><strong>fore</strong></span> <span class='ocrx_word' id='word_1_192' title='bbox 528 2356 834 2420; x_wconf 79' lang='lat' dir='ltr'><strong>Euripiden.</strong></span> <span class='ocrx_word' id='word_1_193' title='bbox 872 2372 1082 2422; x_wconf 83' lang='lat' dir='ltr'><strong>namque</strong></span> <span class='ocrx_word' id='word_1_194' title='bbox 1117 2360 1162 2407; x_wconf 70' lang='lat' dir='ltr'><strong>is</strong></span> <span class='ocrx_word' id='word_1_195' title='bbox 1196 2365 1249 2407; x_wconf 80' lang='lat' dir='ltr'><strong>et</strong></span> <span class='ocrx_word' id='word_1_196' title='bbox 1283 2373 1537 2421; x_wconf 75' lang='lat' dir='ltr'><strong>sermone,</strong></span> <span class='ocrx_word' id='word_1_197' title='bbox 1584 2374 1727 2423; x_wconf 83' lang='lat' dir='ltr'><strong>quem</strong></span> <span class='ocrx_word' id='word_1_198' title='bbox 1769 2361 1930 2422; x_wconf 78' lang='lat' dir='ltr'><strong>ipsum</strong></span> <span class='ocrx_word' id='word_1_199' title='bbox 1966 2376 2160 2425; x_wconf 81' lang='lat' dir='ltr'><strong>quoque</strong></span> 
     </span>
     <span class='ocr_line' id='line_1_28' title="bbox 179 2423 2162 2489; baseline 0.002 -17"><span class='ocrx_word' id='word_1_200' title='bbox 179 2423 567 2487; x_wconf 74' lang='lat' dir='ltr'><strong>reprehendunt</strong></span> <span class='ocrx_word' id='word_1_201' title='bbox 589 2424 764 2488; x_wconf 75' lang='lat' dir='ltr'><strong>quibus</strong></span> <span class='ocrx_word' id='word_1_202' title='bbox 795 2427 1023 2488; x_wconf 71' lang='lat' dir='ltr'><strong>qravitas</strong></span> <span class='ocrx_word' id='word_1_203' title='bbox 1047 2432 1098 2475; x_wconf 81' lang='lat' dir='ltr'><strong>el</strong></span> <span class='ocrx_word' id='word_1_204' title='bbox 1130 2425 1405 2475; x_wconf 69' lang='lat' dir='ltr'><strong>cothurnus·</strong></span> <span class='ocrx_word' id='word_1_205' title='bbox 1428 2432 1479 2475; x_wconf 79' lang='lat' dir='ltr'><strong>et</strong></span> <span class='ocrx_word' id='word_1_206' title='bbox 1510 2440 1664 2475; x_wconf 73' lang='lat' dir='ltr'><strong>sonus</strong></span> <span class='ocrx_word' id='word_1_207' title='bbox 1688 2425 1931 2489; x_wconf 76' lang='lat' dir='ltr'><strong>Sophocli</strong></span> <span class='ocrx_word' id='word_1_208' title='bbox 1962 2428 2162 2477; x_wconf 79' lang='lat' dir='ltr'><strong>videtur</strong></span> 
     </span>
     <span class='ocr_line' id='line_1_29' title="bbox 177 2490 2161 2571; baseline 0.001 -30"><span class='ocrx_word' id='word_1_209' title='bbox 177 2506 298 2546; x_wconf 74' lang='lat' dir='ltr'><strong>csse</strong></span> <span class='ocrx_word' id='word_1_210' title='bbox 339 2490 614 2553; x_wconf 74' lang='lat' dir='ltr'><strong>sublimior,</strong></span> <span class='ocrx_word' id='word_1_211' title='bbox 659 2494 820 2555; x_wconf 67' lang='lat' dir='ltr'><strong>magis</strong></span> <span class='ocrx_word' id='word_1_212' title='bbox 855 2493 1056 2542; x_wconf 71' lang='lat' dir='ltr'><strong>accedet</strong></span> <span class='ocrx_word' id='word_1_213' title='bbox 1099 2494 1329 2543; x_wconf 77' lang='lat' dir='ltr'><strong>oratorio</strong></span> <span class='ocrx_word' id='word_1_214' title='bbox 1369 2493 1565 2571; x_wconf 50' lang='lat' dir='ltr'><strong>generi·</strong></span> <span class='ocrx_word' id='word_1_215' title='bbox 1594 2499 1645 2541; x_wconf 77' lang='lat' dir='ltr'><strong>et</strong></span> <span class='ocrx_word' id='word_1_216' title='bbox 1678 2495 1941 2543; x_wconf 75' lang='lat' dir='ltr'><strong>sententiis</strong></span> <span class='ocrx_word' id='word_1_217' title='bbox 1976 2495 2161 2544; x_wconf 73' lang='lat' dir='ltr'><strong>densus</strong></span> 
     </span>
     <span class='ocr_line' id='line_1_30' title="bbox 177 2558 2159 2623; baseline 0.002 -16"><span class='ocrx_word' id='word_1_218' title='bbox 177 2566 234 2607; x_wconf 79' lang='lat' dir='ltr'><strong>et</strong></span> <span class='ocrx_word' id='word_1_219' title='bbox 267 2558 324 2605; x_wconf 82' lang='lat' dir='ltr'><strong>in</strong></span> <span class='ocrx_word' id='word_1_220' title='bbox 357 2559 421 2607; x_wconf 76' lang='lat' dir='ltr'><strong>iis</strong></span> <span class='ocrx_word' id='word_1_221' title='bbox 445 2574 575 2622; x_wconf 82' lang='lat' dir='ltr'><strong>quae</strong></span> <span class='ocrx_word' id='word_1_222' title='bbox 597 2574 632 2607; x_wconf 86' lang='lat' dir='ltr'><strong><em>a</em></strong></span> <span class='ocrx_word' id='word_1_223' title='bbox 654 2558 968 2621; x_wconf 73' lang='lat' dir='ltr'><strong>sapientibus</strong></span> <span class='ocrx_word' id='word_1_224' title='bbox 991 2560 1188 2609; x_wconf 81' lang='lat' dir='ltr'><strong>tradita</strong></span> <span class='ocrx_word' id='word_1_225' title='bbox 1209 2564 1327 2609; x_wconf 73' lang='lat' dir='ltr'><strong>sunt</strong></span> <span class='ocrx_word' id='word_1_226' title='bbox 1358 2574 1527 2621; x_wconf 83' lang='lat' dir='ltr'><strong>paene</strong></span> <span class='ocrx_word' id='word_1_227' title='bbox 1544 2560 1673 2621; x_wconf 73' lang='lat' dir='ltr'><strong>ipsis</strong></span> <span class='ocrx_word' id='word_1_228' title='bbox 1702 2574 1823 2623; x_wconf 82' lang='lat' dir='ltr'><strong>par,</strong></span> <span class='ocrx_word' id='word_1_229' title='bbox 1860 2562 1912 2608; x_wconf 72' lang='grc' dir='ltr'><strong>ἐι</strong></span> <span class='ocrx_word' id='word_1_230' title='bbox 1944 2561 2159 2611; x_wconf 83' lang='lat' dir='ltr'><strong>dicendo</strong></span> 
     </span>
     <span class='ocr_line' id='line_1_31' title="bbox 179 2624 2161 2690; baseline 0 -15"><span class='ocrx_word' id='word_1_231' title='bbox 179 2640 246 2675; x_wconf 81' lang='lat' dir='ltr'><strong>ac</strong></span> <span class='ocrx_word' id='word_1_232' title='bbox 280 2626 642 2688; x_wconf 76' lang='lat' dir='ltr'><strong>respondendo</strong></span> <span class='ocrx_word' id='word_1_233' title='bbox 677 2624 881 2677; x_wconf 78' lang='lat' dir='ltr'><strong>cuilibet</strong></span> <span class='ocrx_word' id='word_1_234' title='bbox 915 2641 1086 2675; x_wconf 83' lang='lat' dir='ltr'><strong>eorum</strong></span> <span class='ocrx_word' id='word_1_235' title='bbox 1121 2628 1208 2690; x_wconf 81' lang='lat' dir='ltr'><strong>qui</strong></span> <span class='ocrx_word' id='word_1_236' title='bbox 1245 2626 1459 2688; x_wconf 77' lang='lat' dir='ltr'><strong>fuerunt</strong></span> <span class='ocrx_word' id='word_1_237' title='bbox 1490 2627 1544 2674; x_wconf 84' lang='lat' dir='ltr'><strong>in</strong></span> <span class='ocrx_word' id='word_1_238' title='bbox 1584 2624 1705 2685; x_wconf 78' lang='lat' dir='ltr'><strong>foro</strong></span> <span class='ocrx_word' id='word_1_239' title='bbox 1742 2626 1927 2675; x_wconf 79' lang='lat' dir='ltr'><strong>diserti</strong></span> <span class='ocrx_word' id='word_1_240' title='bbox 1958 2642 2161 2689; x_wconf 82' lang='lat' dir='ltr'><strong>compa-</strong></span> 
     </span>
     <span class='ocr_line' id='line_1_32' title="bbox 181 2690 2235 2758; baseline 0.001 -18"><span class='ocrx_word' id='word_1_241' title='bbox 181 2692 406 2753; x_wconf 73' lang='lat' dir='ltr'><strong>randus,</strong></span> <span class='ocrx_word' id='word_1_242' title='bbox 451 2694 508 2741; x_wconf 83' lang='lat' dir='ltr'><strong>in</strong></span> <span class='ocrx_word' id='word_1_243' title='bbox 549 2690 839 2753; x_wconf 69' lang='lat' dir='ltr'><strong>adfectibus</strong></span> <span class='ocrx_word' id='word_1_244' title='bbox 880 2708 1000 2742; x_wconf 79' lang='lat' dir='ltr'><strong>vero</strong></span> <span class='ocrx_word' id='word_1_245' title='bbox 1043 2708 1150 2743; x_wconf 87' lang='lat' dir='ltr'><strong>cum</strong></span> <span class='ocrx_word' id='word_1_246' title='bbox 1193 2691 1415 2743; x_wconf 73' lang='lat' dir='ltr'><strong>omnibus</strong></span> <span class='ocrx_word' id='word_1_247' title='bbox 1456 2696 1611 2742; x_wconf 68' lang='lat' dir='ltr'><strong>mirus</strong></span> <span class='ocrx_word' id='word_1_248' title='bbox 1652 2699 1753 2741; x_wconf 78' lang='lat' dir='ltr'><strong>tum</strong></span> <span class='ocrx_word' id='word_1_249' title='bbox 1785 2693 1839 2742; x_wconf 79' lang='lat' dir='ltr'><strong>in</strong></span> <span class='ocrx_word' id='word_1_250' title='bbox 1881 2694 1947 2742; x_wconf 77' lang='lat' dir='ltr'><strong>iis</strong></span> <span class='ocrx_word' id='word_1_251' title='bbox 1981 2694 2069 2758; x_wconf 84' lang='lat' dir='ltr'><strong>qui</strong></span> <span class='ocrx_word' id='word_1_252' title='bbox 2110 2696 2163 2743; x_wconf 84' lang='lat' dir='ltr'><strong>in</strong></span> <span class='ocrx_word' id='word_1_253' title='bbox 2232 2730 2235 2735; x_wconf 83' lang='lat'><strong>.</strong></span> 
     </span>
     <span class='ocr_line' id='line_1_33' title="bbox 179 2760 1327 2824; baseline 0.001 -16"><span class='ocrx_word' id='word_1_254' title='bbox 179 2760 510 2809; x_wconf 73' lang='lat' dir='ltr'><strong>miseratione</strong></span> <span class='ocrx_word' id='word_1_255' title='bbox 543 2766 779 2809; x_wconf 76' lang='lat' dir='ltr'><strong>constant</strong></span> <span class='ocrx_word' id='word_1_256' title='bbox 809 2760 966 2821; x_wconf 76' lang='lat' dir='ltr'><strong>facile</strong></span> <span class='ocrx_word' id='word_1_257' title='bbox 996 2762 1327 2824; x_wconf 78' lang='lat' dir='ltr'><strong>praecipuus</strong></span> 
     </span>
    </p>

    <p class='ocr_par' dir='ltr' id='par_1_8' title="bbox 177 2825 2161 3563">
     <span class='ocr_line' id='line_1_34' title="bbox 317 2825 2160 2893; baseline 0.002 -17"><span class='ocrx_word' id='word_1_258' title='bbox 317 2825 406 2888; x_wconf 84' lang='lat'><strong>83)</strong></span> <span class='ocrx_word' id='word_1_259' title='bbox 439 2825 680 2875; x_wconf 80' lang='lat' dir='ltr'><strong>Maxime</strong></span> <span class='ocrx_word' id='word_1_260' title='bbox 698 2825 836 2876; x_wconf 89' lang='lat' dir='ltr'><strong>illud</strong></span> <span class='ocrx_word' id='word_1_261' title='bbox 861 2825 1214 2877; x_wconf 81' lang='lat' dir='ltr'><strong>memorabile</strong></span> <span class='ocrx_word' id='word_1_262' title='bbox 1240 2830 1343 2889; x_wconf 87' lang='lat' dir='ltr'><strong>est,</strong></span> <span class='ocrx_word' id='word_1_263' title='bbox 1370 2825 1511 2891; x_wconf 81' lang='lat' dir='ltr'><strong>quod</strong></span> <span class='ocrx_word' id='word_1_264' title='bbox 1526 2825 1860 2891; x_wconf 83' lang='lat' dir='ltr'><strong>Aeschylum</strong></span> <span class='ocrx_word' id='word_1_265' title='bbox 1876 2832 1933 2878; x_wconf 87' lang='lat' dir='ltr'><strong>et</strong></span> <span class='ocrx_word' id='word_1_266' title='bbox 1953 2826 2160 2893; x_wconf 86' lang='lat' dir='ltr'><strong>Sopho·</strong></span> 
     </span>
     <span class='ocr_line' id='line_1_35' title="bbox 180 2892 2161 2974; baseline 0.002 -31"><span class='ocrx_word' id='word_1_267' title='bbox 180 2892 327 2943; x_wconf 86' lang='lat' dir='ltr'><strong>clem</strong></span> <span class='ocrx_word' id='word_1_268' title='bbox 355 2892 524 2941; x_wconf 83' lang='lat' dir='ltr'><strong>audet</strong></span> <span class='ocrx_word' id='word_1_269' title='bbox 558 2893 618 2941; x_wconf 89' lang='lat' dir='ltr'><strong>in</strong></span> <span class='ocrx_word' id='word_1_270' title='bbox 653 2897 741 2942; x_wconf 79' lang='lat' dir='ltr'><strong>tra</strong></span> <span class='ocrx_word' id='word_1_271' title='bbox 784 2892 960 2944; x_wconf 84' lang='lat' dir='ltr'><strong>oediis</strong></span> <span class='ocrx_word' id='word_1_272' title='bbox 988 2894 1210 2974; x_wconf 88' lang='lat' dir='ltr'><strong>oblique</strong></span> <span class='ocrx_word' id='word_1_273' title='bbox 1246 2894 1645 2971; x_wconf 84' lang='lat' dir='ltr'><strong>perstringere.</strong></span> <span class='ocrx_word' id='word_1_274' title='bbox 1684 2893 2005 2972; x_wconf 82' lang='lat' dir='ltr'><strong>Sophocles</strong></span> <span class='ocrx_word' id='word_1_275' title='bbox 2028 2896 2161 2949; x_wconf 81' lang='lat' dir='ltr'><strong>Ant.</strong></span> 
     </span>
     <span class='ocr_line' id='line_1_36' title="bbox 177 2908 2160 3027; baseline 0.002 -16"><span class='ocrx_word' id='word_1_276' title='bbox 177 2962 312 3011; x_wconf 83' lang='grc'><strong>563.</strong></span> <span class='ocrx_word' id='word_1_277' title='bbox 365 2950 498 3009; x_wconf 71' lang='grc' dir='ltr'>οὐδ’</span> <span class='ocrx_word' id='word_1_278' title='bbox 534 2949 600 3017; x_wconf 76' lang='grc' dir='ltr'><strong>ὃς</strong></span> <span class='ocrx_word' id='word_1_279' title='bbox 635 2976 709 3009; x_wconf 86' lang='grc' dir='ltr'>αν</span> <span class='ocrx_word' id='word_1_280' title='bbox 745 2908 967 3025; x_wconf 58' lang='lat' dir='ltr'><strong>gldium</strong></span> <span class='ocrx_word' id='word_1_281' title='bbox 1009 2956 1170 3025; x_wconf 82' lang='grc' dir='ltr'>μένει</span> <span class='ocrx_word' id='word_1_282' title='bbox 1207 2958 1347 3019; x_wconf 77' lang='grc' dir='ltr'>νοῦς</span> <span class='ocrx_word' id='word_1_283' title='bbox 1383 2964 1505 3019; x_wconf 78' lang='grc' dir='ltr'>τοῖς</span> <span class='ocrx_word' id='word_1_284' title='bbox 1549 2958 1741 3021; x_wconf 75' lang='grc' dir='ltr'>κακῶς</span> <span class='ocrx_word' id='word_1_285' title='bbox 1786 2953 2160 3027; x_wconf 78' lang='grc' dir='ltr'>πράσσουσιν,</span> 
     </span>
     <span class='ocr_line' id='line_1_37' title="bbox 181 3014 2156 3107; baseline 0.002 -31"><span class='ocrx_word' id='word_1_286' title='bbox 181 3014 322 3077; x_wconf 65' lang='grc' dir='ltr'><strong>ἀλλ’</strong></span> <span class='ocrx_word' id='word_1_287' title='bbox 363 3018 674 3106; x_wconf 77' lang='grc' dir='ltr'>ἐξίσταται.</span> <span class='ocrx_word' id='word_1_288' title='bbox 744 3028 1036 3105; x_wconf 79' lang='lat' dir='ltr'><strong>impugnat</strong></span> <span class='ocrx_word' id='word_1_289' title='bbox 1070 3028 1215 3077; x_wconf 84' lang='lat' dir='ltr'><strong>hanc</strong></span> <span class='ocrx_word' id='word_1_290' title='bbox 1254 3030 1583 3079; x_wconf 85' lang='lat' dir='ltr'><strong>sententiam</strong></span> <span class='ocrx_word' id='word_1_291' title='bbox 1620 3029 1677 3078; x_wconf 88' lang='lat' dir='ltr'><strong>in</strong></span> <span class='ocrx_word' id='word_1_292' title='bbox 1711 3028 1993 3107; x_wconf 82' lang='lat' dir='ltr'><strong>Antigona.</strong></span> <span class='ocrx_word' id='word_1_293' title='bbox 2027 3030 2156 3079; x_wconf 86' lang='lat' dir='ltr'><strong>Eur.</strong></span> 
     </span>
     <span class='ocr_line' id='line_1_38' title="bbox 184 3086 2159 3176; baseline 0.002 -33"><span class='ocrx_word' id='word_1_294' title='bbox 184 3094 252 3143; x_wconf 82' lang='lat' dir='ltr'><strong>fr.</strong></span> <span class='ocrx_word' id='word_1_295' title='bbox 293 3094 417 3143; x_wconf 80' lang='grc'><strong>185.</strong></span> <span class='ocrx_word' id='word_1_296' title='bbox 463 3108 533 3143; x_wconf 81' lang='lat' dir='ltr'><strong>ov</strong></span> <span class='ocrx_word' id='word_1_297' title='bbox 579 3089 689 3159; x_wconf 70' lang='grc' dir='ltr'><strong>γὰρ</strong></span> <span class='ocrx_word' id='word_1_298' title='bbox 725 3088 786 3145; x_wconf 73' lang='grc' dir='ltr'>οἱ</span> <span class='ocrx_word' id='word_1_299' title='bbox 828 3091 1018 3154; x_wconf 75' lang='grc' dir='ltr'>κακῶς</span> <span class='ocrx_word' id='word_1_300' title='bbox 1053 3086 1411 3176; x_wconf 78' lang='grc' dir='ltr'>πεπραγότες</span> <span class='ocrx_word' id='word_1_301' title='bbox 1446 3109 1552 3146; x_wconf 86' lang='grc' dir='ltr'><strong>συν</strong></span> <span class='ocrx_word' id='word_1_302' title='bbox 1587 3098 1715 3155; x_wconf 72' lang='grc' dir='ltr'><strong>ταῖς</strong></span> <span class='ocrx_word' id='word_1_303' title='bbox 1752 3090 1980 3161; x_wconf 76' lang='grc' dir='ltr'>τύχαισι</span> <span class='ocrx_word' id='word_1_304' title='bbox 2026 3089 2159 3155; x_wconf 72' lang='grc' dir='ltr'>τοὺς</span> 
     </span>
     <span class='ocr_line' id='line_1_39' title="bbox 173 3150 2158 3281; baseline 0.002 -72.023"><span class='ocrx_word' id='word_1_305' title='bbox 173 3155 387 3243; x_wconf 73' lang='grc' dir='ltr'>λόγους</span> <span class='ocrx_word' id='word_1_306' title='bbox 413 3150 737 3215; x_wconf 71' lang='grc' dir='ltr'>ἀπώλεσαν.</span> <span class='ocrx_word' id='word_1_307' title='bbox 783 3160 1090 3241; x_wconf 82' lang='lat' dir='ltr'><strong>Aeschylus</strong></span> <span class='ocrx_word' id='word_1_308' title='bbox 1116 3163 1322 3281; x_wconf 84' lang='lat' dir='ltr'><strong>respici</strong></span> <span class='ocrx_word' id='word_1_309' title='bbox 1346 3161 1606 3213; x_wconf 85' lang='lat' dir='ltr'><strong>videtur&#39;</strong></span> <span class='ocrx_word' id='word_1_310' title='bbox 1589 3178 1649 3213; x_wconf 85' lang='lat' dir='ltr'><strong>m</strong></span> <span class='ocrx_word' id='word_1_311' title='bbox 1672 3164 1801 3213; x_wconf 83' lang='lat' dir='ltr'><strong>Eur.</strong></span> <span class='ocrx_word' id='word_1_312' title='bbox 1822 3162 2013 3243; x_wconf 84' lang='lat' dir='ltr'><strong>Suppl.</strong></span> <span class='ocrx_word' id='word_1_313' title='bbox 2032 3165 2158 3214; x_wconf 85' lang='lat'>846:</span> 
     </span>
     <span class='ocr_line' id='line_1_40' title="bbox 181 3216 2157 3307; baseline 0.001 -29"><span class='ocrx_word' id='word_1_314' title='bbox 181 3244 246 3278; x_wconf 76' lang='grc' dir='ltr'>εν</span> <span class='ocrx_word' id='word_1_315' title='bbox 284 3216 343 3275; x_wconf 81' lang='grc' dir='ltr'><strong>δ’</strong></span> <span class='ocrx_word' id='word_1_316' title='bbox 383 3222 489 3278; x_wconf 82' lang='grc' dir='ltr'>ουκ</span> <span class='ocrx_word' id='word_1_317' title='bbox 525 3218 812 3307; x_wconf 79' lang='grc' dir='ltr'>ἐρήσομαί</span> <span class='ocrx_word' id='word_1_318' title='bbox 841 3243 930 3292; x_wconf 80' lang='grc' dir='ltr'><strong>σε,</strong></span> <span class='ocrx_word' id='word_1_319' title='bbox 969 3224 1047 3295; x_wconf 80' lang='grc' dir='ltr'><strong>μή</strong></span> <span class='ocrx_word' id='word_1_320' title='bbox 1125 3222 1287 3281; x_wconf 79' lang='grc' dir='ltr'><strong>έ’1.ωτ</strong></span> <span class='ocrx_word' id='word_1_321' title='bbox 1324 3224 1512 3293; x_wconf 64' lang='lat' dir='ltr'><strong>uuilon,</strong></span> <span class='ocrx_word' id='word_1_322' title='bbox 1551 3246 1664 3296; x_wconf 82' lang='grc' dir='ltr'>οτῳ</span> <span class='ocrx_word' id='word_1_323' title='bbox 1705 3224 1942 3295; x_wconf 76' lang='grc' dir='ltr'><strong>ξυνέστη</strong></span> <span class='ocrx_word' id='word_1_324' title='bbox 1980 3222 2157 3281; x_wconf 81' lang='grc' dir='ltr'><strong>τωνὸ’</strong></span> 
     </span>
     <span class='ocr_line' id='line_1_41' title="bbox 186 3282 2156 3379; baseline 0.002 -36"><span class='ocrx_word' id='word_1_325' title='bbox 186 3290 430 3371; x_wconf 75' lang='grc' dir='ltr'>ἕκαστος</span> <span class='ocrx_word' id='word_1_326' title='bbox 465 3286 526 3345; x_wconf 73' lang='grc' dir='ltr'>ἐν</span> <span class='ocrx_word' id='word_1_327' title='bbox 561 3287 738 3363; x_wconf 68' lang='grc' dir='ltr'><strong>μάχῃ.</strong></span> <span class='ocrx_word' id='word_1_328' title='bbox 815 3310 973 3377; x_wconf 75' lang='lat' dir='ltr'><strong>quae</strong></span> <span class='ocrx_word' id='word_1_329' title='bbox 993 3298 1052 3347; x_wconf 84' lang='lat' dir='ltr'><strong>in</strong></span> <span class='ocrx_word' id='word_1_330' title='bbox 1137 3312 1218 3347; x_wconf 86' lang='lat' dir='ltr'><strong>ur.</strong></span> <span class='ocrx_word' id='word_1_331' title='bbox 1254 3296 1341 3351; x_wconf 89' lang='lat' dir='ltr'><strong>El,</strong></span> <span class='ocrx_word' id='word_1_332' title='bbox 1374 3298 1476 3348; x_wconf 82' lang='lat'><strong>530</strong></span> <span class='ocrx_word' id='word_1_333' title='bbox 1511 3282 1789 3379; x_wconf 79' lang='lat' dir='ltr'><strong>leguntur,</strong></span> <span class='ocrx_word' id='word_1_334' title='bbox 1826 3297 2060 3354; x_wconf 77' lang='grc' dir='ltr'><strong>πολλοῖς</strong></span> <span class='ocrx_word' id='word_1_335' title='bbox 2097 3289 2156 3347; x_wconf 78' lang='grc' dir='ltr'><strong>δ’</strong></span> 
     </span>
     <span class='ocr_line' id='line_1_42' title="bbox 185 3355 2161 3442; baseline 0.003 -32"><span class='ocrx_word' id='word_1_336' title='bbox 185 3378 260 3410; x_wconf 83' lang='grc' dir='ltr'>αν</span> <span class='ocrx_word' id='word_1_337' title='bbox 275 3376 498 3439; x_wconf 71' lang='lat' dir='ltr'><strong>evgotc</strong></span> <span class='ocrx_word' id='word_1_338' title='bbox 531 3356 902 3442; x_wconf 76' lang='grc' dir='ltr'>βοστρύχους</span> <span class='ocrx_word' id='word_1_339' title='bbox 947 3355 1299 3431; x_wconf 81' lang='grc' dir='ltr'>ὁμοπτέρους</span> <span class='ocrx_word' id='word_1_340' title='bbox 1344 3362 1443 3414; x_wconf 75' lang='grc' dir='ltr'><strong>καὶ</strong></span> <span class='ocrx_word' id='word_1_341' title='bbox 1498 3359 1576 3430; x_wconf 81' lang='grc' dir='ltr'><strong>μὴ</strong></span> <span class='ocrx_word' id='word_1_342' title='bbox 1627 3362 1871 3430; x_wconf 82' lang='grc' dir='ltr'>γεγῶσιν</span> <span class='ocrx_word' id='word_1_343' title='bbox 1918 3360 2161 3441; x_wconf 75' lang='grc' dir='ltr'>αἵματος</span> 
     </span>
     <span class='ocr_line' id='line_1_43' title="bbox 183 3418 2161 3504; baseline 0 -25"><span class='ocrx_word' id='word_1_344' title='bbox 183 3418 428 3504; x_wconf 72' lang='grc' dir='ltr'>ταύτοῦ,</span> <span class='ocrx_word' id='word_1_345' title='bbox 477 3424 679 3495; x_wconf 80' lang='grc' dir='ltr'>γέρον,</span> <span class='ocrx_word' id='word_1_346' title='bbox 729 3429 1026 3481; x_wconf 83' lang='lat' dir='ltr'><strong>referenda.</strong></span> <span class='ocrx_word' id='word_1_347' title='bbox 1071 3438 1198 3481; x_wconf 84' lang='lat' dir='ltr'><strong>sunt</strong></span> <span class='ocrx_word' id='word_1_348' title='bbox 1247 3430 1321 3481; x_wconf 78' lang='lat' dir='ltr'><strong>ad</strong></span> <span class='ocrx_word' id='word_1_349' title='bbox 1356 3430 1559 3485; x_wconf 87' lang='lat' dir='ltr'><strong>Aesch.</strong></span> <span class='ocrx_word' id='word_1_350' title='bbox 1598 3430 1732 3481; x_wconf 78' lang='lat' dir='ltr'><strong>Cho,</strong></span> <span class='ocrx_word' id='word_1_351' title='bbox 1769 3432 1896 3481; x_wconf 81' lang='lat'>229:</span> <span class='ocrx_word' id='word_1_352' title='bbox 1944 3423 2161 3492; x_wconf 80' lang='grc' dir='ltr'>σκέψαι</span> 
     </span>
     <span class='ocr_line' id='line_1_44' title="bbox 177 3489 1290 3563; baseline 0.003 -17"><span class='ocrx_word' id='word_1_353' title='bbox 177 3489 332 3561; x_wconf 70' lang='grc' dir='ltr'><strong>κόμῃ</strong></span> <span class='ocrx_word' id='word_1_354' title='bbox 364 3496 689 3563; x_wconf 77' lang='grc' dir='ltr'>προσθεῖσα</span> <span class='ocrx_word' id='word_1_355' title='bbox 726 3492 1042 3563; x_wconf 83' lang='grc' dir='ltr'>βόστρυχον</span> <span class='ocrx_word' id='word_1_356' title='bbox 1080 3490 1290 3563; x_wconf 82' lang='grc' dir='ltr'>τριχός.</span> 
     </span>
    </p>
   </div>
  </div>
 </body>
</html>
