2492 3900
185 618 338 678 ΕΚ.

188 1930 330 1994 ΑΓ.

185 2338 330 2398 ΕΚ.

183 2439 327 2500 ΛΓ.

183 2541 329 2600 ΕΚ.

185 2641 326 2702 ΑΓ.

183 2743 328 2804 ΕΚ.

183 2843 328 2906 ΑΓ.

187 2946 328 3006 ΕΚ.

1054 135 1353 197 EKABH
1727 222 1733 227 ι
2085 136 2205 201 167

433 302 600 395 πρὸς
627 308 837 371 ταῦτα
867 300 1169 391 φρόντιζ’
1193 326 1206 341 ·
1245 300 1333 383 ὥς
1360 304 1653 373 θέλοντα
1682 308 1807 391 μέν
1831 303 1907 393 μ’
1939 312 2107 395 ἔχεις

427 408 536 475 σοὶ
563 408 983 492 ξυμπονῆσαι
1012 406 1126 472 καὶ
1151 402 1363 491 ταχὺν
1390 408 1859 496 προσαρκέσαι,

429 504 696 596 βραδὺν
725 502 816 591 δ’,
839 502 1120 592 Ἀχαιοῖς
1151 511 1214 574 εἰ
1238 506 1798 595 διαβληθήσομαι.

426 635 560 696 φευ
579 630 592 645 ·

428 706 554 778 οὐκ
585 716 722 778 ἔστι
750 714 1028 795 θνητῶν
1057 704 1236 789 ὅστις
1266 706 1400 777 ἔστ’
1436 710 1828 799 ἐλεύθερος·

428 805 470 898 ἦ
496 810 852 899 χρημάτων
879 807 1008 896 γὰρ
1041 810 1284 889 δοῦλός
1312 812 1492 879 ἐστιν
1521 806 1565 898 ἦ
1593 812 1815 899 τύχης,
2102 828 2207 887 865

428 906 474 999 ἦ
499 917 762 998 πλῆθος
789 908 1000 980 αὐτὸν
1027 911 1267 992 πόλεος
1292 906 1337 999 ἦ
1361 913 1591 1000 νόμων
1618 915 1877 1003 γραφαὶ

429 1022 730 1100 εἴργουσι
758 1019 1048 1102 χρῆσθαι
1075 1011 1164 1100 μὴ
1195 1011 1365 1081 κατὰ
1388 1014 1664 1101 γνώμην
1690 1014 1983 1104 τρόποις.
2070 1010 2077 1015 ’

429 1116 572 1182 ἐπεὶ
600 1114 676 1183 δὲ
701 1122 968 1203 ταρβεῖς
996 1119 1089 1205 τῷ
1117 1111 1179 1181 τ’
1213 1111 1392 1206 ὄχλῳ
1422 1117 1630 1184 πλέον
1658 1116 1899 1203 νέμεις,

428 1214 559 1302 ἐγώ
586 1237 662 1284 σε
689 1214 884 1302 θήσω
913 1211 1102 1283 τοῦδ’
1136 1216 1505 1305 ἐλεύθερον
1533 1216 1776 1305 φόβου.

421 1316 698 1385 σύνισθι
728 1316 852 1403 μὲν
879 1313 1006 1405 γάρ
1025 1367 1044 1403 ,
1073 1313 1160 1403 ἥν
1187 1343 1251 1385 τι
1279 1318 1630 1405 βουλεύσω
1661 1317 1874 1388 κακὸν
2098 1335 2205 1391 870

425 1423 517 1508 τῷ
544 1414 734 1487 τόνδ’
767 1415 1272 1505 ἀποκτείναντι,
1302 1418 1687 1509 συνδράσῃς
1716 1422 1791 1491 δὲ
1817 1420 1929 1508 μή.

347 1602 364 1617 ,
423 1513 510 1606 ἢν
539 1516 606 1587 δ’
641 1521 706 1601 ἐξ
730 1517 1012 1605 Ἀχαιῶν
1038 1518 1343 1608 θόρυβος
1368 1516 1413 1608 ἢ
1432 1517 1778 1607 ’πικουρία

421 1620 785 1707 πάσχοντος
813 1617 1062 1710 ἀνδρὸς
1090 1620 1353 1710 Θρῃκὸς
1381 1616 1488 1691 οἷα
1515 1629 1812 1692 πείσεται

425 1729 608 1811 φανῇ
637 1750 768 1809 τις,
800 1720 982 1809 εἶργε
1008 1720 1097 1809 μὴ
1129 1727 1353 1792 δοκῶν
1384 1721 1551 1810 ἐμὴν
1575 1723 1790 1811 χάριν.
2024 1802 2031 1811 ¹

422 1822 501 1891 τὰ
531 1819 596 1892 δ’
635 1821 804 1891 ἄλλα
830 1823 1108 1912 θάρσει·
1143 1821 1342 1892 πάντ’
1374 1823 1504 1911 ἐγώ
1537 1822 1731 1912 θήσω
1760 1833 1998 1907 καλῶς.
2098 1842 2199 1899 875

421 1931 562 2005 πῶς
591 1914 754 2007 ούνς
790 1930 859 1993 τί
881 1923 1148 2013 δράσεις
1165 1957 1185 2008 ;
1213 1926 1463 2014 πότερα
1496 1926 1847 2014 φάσγανον
1870 1930 2017 2017 χερὶ

421 2033 722 2114 λαβοῦσα
750 2033 956 2118 γραίᾳ
983 2032 1176 2115 φῶτα
1202 2027 1550 2116 βάρβαρον
1576 2043 1851 2116 κτενεῖς,

423 2123 468 2214 ἢ
493 2127 944 2217 φαρμάκοισιν
970 2123 1379 2220 ἦ’πικουρίᾳ
1404 2138 1575 2212 τίνι;

420 2235 520 2309 τίς
547 2251 652 2299 σοι
682 2231 988 2312 ξυνέσται
1016 2236 1200 2318 χείρ;
1241 2229 1460 2300 πόθεν
1489 2230 1714 2319 κτήσει
1744 2238 2019 2322 φίλους;

422 2333 648 2418 στέγαι
674 2327 1042 2400 κεκεύθασ’
1075 2335 1222 2399 αἴδε
1262 2331 1601 2424 Τρῳάδων
1626 2330 1843 2420 ὄχλον.
2098 2348 2201 2401 880

420 2430 534 2512 τὰς
563 2431 1016 2520 αἰχμαλώτους
1049 2430 1256 2518 εἶπας,
1278 2429 1613 2521 Ἑλλήνων
1641 2432 1893 2524 ἅγρανς

417 2531 548 2601 σὺν
578 2539 807 2602 ταῖσδε
833 2533 952 2602 τὸν
981 2531 1143 2621 ἐμὸν
1170 2536 1385 2620 φονέα
1413 2535 1891 2623 τιμωρήσομαι.

420 2636 534 2702 καὶ
561 2641 702 2715 πῶς
727 2637 1036 2721 γυναιξὶν
1063 2632 1369 2724 ἀρσένων
1400 2641 1582 2704 ἔσται
1610 2637 1885 2720 κράτος;

421 2735 650 2804 δεινὸν
679 2733 753 2804 τὸ
783 2744 1041 2824 πλῆθος
1064 2734 1194 2805 σὺν
1222 2735 1401 2827 δόλῳ
1433 2765 1505 2806 τε
1534 2737 1893 2834 δύσμαχον.

419 2838 648 2906 δεινόν
666 2860 681 2875 ·
713 2836 786 2907 τὸ
818 2841 1045 2925 μέντοι
1073 2844 1257 2926 θῆλυ
1286 2840 1626 2926 μέμφομαι
1654 2840 1869 2926 γένος.
2096 2855 2197 2908 885

400 2945 487 3006 ’τί
513 2936 579 3006 δ’
603 2971 620 3022 ;
670 2935 753 3008 οὗ
782 2955 1096 3026 γυναῖκες
1125 2935 1307 3008 εἷλον
1333 2941 1688 3027 Αἰγύπτου
1714 2943 1915 3009 τέκνα

417 3043 530 3109 καὶ
555 3048 833 3129 Λῆμνον
860 3039 1075 3131 ἄρδην
1103 3038 1408 3130 ἀρσένων
1434 3041 1787 3134 ἐξῴκισαν;

419 3139 566 3210 ἀλλ’
599 3139 689 3223 ὥς
717 3145 1020 3230 γενέσθω
1040 3165 1055 3179 ·
1090 3143 1287 3213 τόνδε
1315 3144 1439 3231 μὲν
1465 3145 1669 3231 μέθες
1697 3141 1921 3231 λόγον,

417 3246 683 3331 πέμψον
714 3246 793 3312 δέ
815 3271 927 3330 μοι
953 3241 1146 3332 τήνδ’
1180 3241 1496 3332 ἀσφαλῶς
1524 3244 1637 3314 διὰ
1665 3252 1951 3334 στρατοῦ

416 3361 726 3430 γυναῖκα.
785 3347 898 3414 καὶ
925 3344 1010 3414 σὺ
1042 3348 1257 3435 Θρῃκὶ
1284 3356 1617 3416 πλαθεῖσα
1644 3349 1810 3438 ξένῳ
2095 3358 2195 3412 890

415 3446 638 3529 λέξον·
675 3455 871 3516 καλεῖ
891 3443 957 3514 σ’
992 3443 1252 3516 ἄνασσα
1280 3447 1366 3535 δή
1396 3444 1544 3516 ποτ’
1570 3447 1767 3516 Ἰλίου
