2492 3900
289 163 416 226 316
1023 163 1561 222 ΗΡΑΚΛΕΙΔΑΙ

519 336 632 402 καὶ
659 345 847 413 θεοῖς
874 333 1206 425 πατρῴοις
1231 329 1513 420 -θύσεθ’,
1546 325 1644 402 ῶν
1671 329 2099 424 ἀπειργμένοι

517 438 694 518 ξένοι
724 436 1067 523 πλανήτην
1098 432 1292 522 εἴχετ’
1334 431 1583 503 ἄθλιον
1609 442 1780 523 βίον.

522 535 688 627 ἀτὰρ
720 545 792 606 τί
819 538 1096 607 κεύθων
1119 535 1371 615 Ἰόλεως
1394 537 1613 624 σοφόν
1642 563 1801 605 ποτε

517 636 938 729 Εὐρυσθέως
968 636 1285 726 έφείσαθ’
1320 635 1489 708 ῶστε
1516 638 1607 726 μὴ
1637 653 1943 719 κτανεῖν;
2202 655 2321 711 880

519 745 740 824 λέξον·
776 739 936 830 παρ’
974 737 1136 829 ἡμῖν
1161 742 1289 829 μὲν
1315 738 1445 830 γὰρ
1474 737 1557 809 οὐ
1586 738 1805 828 σοφὸν
1832 739 2009 827 τόδε,

519 842 810 931 ἐχθροὺς
835 843 1127 930 λαβόντα
1156 840 1246 930 μὴ
1282 838 1728 912 ἀποτίσασθαι
1758 846 1976 929 δίκην.

289 951 423 1014 ΘΕ.
513 943 588 1014 τὸ
617 941 742 1013 σὸν
769 950 1147 1036 προτιμῶν,
1178 941 1269 1024 ῶς
1296 971 1408 1013 νιν
1436 942 1814 1032 ὀφθαλμοῖς
1842 948 2011 1023 ἴδοις

526 1045 771 1115 ἁλόντα
805 1049 917 1115 καὶ
954 1053 1040 1137 σῇ
1076 1046 1611 1132 δεσποτούμενον
1644 1051 1805 1132 χερί.

523 1146 606 1218 οὐ
635 1148 770 1237 μὴν
801 1149 1040 1220 ἑκόντα
1069 1146 1134 1236 γ’
1169 1145 1414 1234 αὐτόν,
1446 1144 1613 1216 ἀλλὰ
1642 1145 1809 1237 πρὸς
1836 1154 1995 1234 βίαν
2199 1163 2319 1220 885

519 1248 723 1334 ἔζευξ’
761 1249 1052 1341 ἀνάγκῃ·
1085 1253 1199 1318 καὶ
1227 1247 1356 1338 γὰρ
1393 1247 1518 1318 οὐκ
1548 1250 1860 1337 ἐβούλετο

516 1358 649 1435 ζῶν
679 1360 773 1434 εἰς
798 1352 922 1423 σὸν
952 1357 1183 1422 ἐλθεῖν
1213 1349 1390 1440 ὅμμα
1419 1354 1531 1420 καὶ
1562 1356 1803 1421 δοῦναι
1833 1356 2052 1439 δίκην.

517 1450 666 1521 ἀλλ’
701 1445 756 1522 ῶ
784 1456 1056 1544 γεραιά,
1085 1469 1274 1544 χαῖρε
1303 1456 1415 1523 καὶ
1444 1452 1743 1542 μέμνησό
1767 1481 1898 1541 μου

515 1551 556 1623 ὃ
583 1561 854 1643 πρῶτον
881 1555 1071 1635 εἶπας
1086 1608 1120 1641 ,,
1132 1553 1318 1642 ἡνίκ’
1353 1553 1656 1645 ἠρχόμην
1681 1555 1909 1643 λόγου,

518 1657 1011 1747 ἐλευθερώσειν
1039 1654 1134 1744 μ’·
1165 1661 1239 1726 ἐν
1270 1657 1345 1726 δὲ
1374 1673 1510 1739 τοῖς
1539 1662 1827 1726 τοιοῖσδε
1854 1656 1980 1745 χρὴ
2199 1675 2316 1730 890

515 1757 806 1842 ἀψευδὲς
836 1759 1010 1830 εἶναι
1037 1776 1209 1829 τοῖσι
1239 1768 1577 1847 γενναίοις
1605 1758 1833 1846 στόμα.

289 1869 426 1930 XO.
510 1863 656 1952 ἐμοὶ
681 1860 878 1953 χορὸς
906 1863 1030 1953 μὲν
1056 1858 1259 1949 ἡδύς,
1295 1868 1357 1930 εἰ
1378 1869 1597 1951 λίγεια
2026 1883 2169 1948 στρ.

516 1974 737 2036 λωτοῦ
763 1966 952 2056 χάρις
981 1968 1081 2036 ἐνὶ
1112 1971 1312 2052 δαιτί,

523 2077 625 2155 εἴη
655 2066 720 2136 δ’
757 2066 1025 2159 εὔχαρις
1045 2065 1408 2157 Ἀφροδίτα
1427 2090 1441 2105 ·

515 2168 810 2255 τερπνὸν
838 2173 918 2239 δέ
937 2198 999 2239 τι
1029 2172 1141 2239 καὶ
1170 2176 1393 2258 φίλων
1422 2160 1535 2258 ἆρ’
2202 2185 2313 2241 895

515 2266 836 2356 εὐτυχίαν
864 2274 1132 2340 ἰδέσθαι

512 2376 650 2439 τῶν
676 2370 887 2460 πάρος
915 2368 998 2440 οὐ
1029 2372 1436 2445 δοκούντων.

513 2470 724 2542 πολλὰ
753 2470 880 2564 γὰρ
909 2480 1116 2545 τίκτει

511 2584 750 2666 Μοῖρα
778 2575 1311 2666 τελεσσιδῶτειρ’

517 2678 685 2743 αἰτόν
718 2702 787 2744 τε
819 2677 1072 2762 χρόνου
1106 2690 1277 2755 παῖς.
2204 2694 2315 2749 900

515 2786 685 2866 ἔχεις
715 2776 881 2849 ὁδόν
910 2778 1070 2867 τιν’,
1107 2773 1160 2849 ῶ
1188 2782 1411 2867 πόλις,
1444 2785 1743 2850 δίκαιον·
2054 2774 2201 2849 ἆντ.

513 2877 594 2947 οὐ
624 2880 750 2969 χρή
779 2906 940 2950 ποτε
969 2880 1113 2951 τόδ’
1153 2882 1550 2971 ἀφελέσθαι,

511 2988 712 3068 τιμᾶν
738 2982 946 3062 θεούς
964 3006 979 3020 ·
1014 2980 1050 3052 ὃ
1081 2986 1156 3055 δὲ
1185 2986 1275 3074 μή
1304 3007 1379 3055 σε
1407 2984 1691 3075 φάσκων

511 3082 712 3169 ἐγγὺς
739 3092 1000 3172 μανιῶν
1029 3087 1321 3175 ἐλαύνει,

514 3188 976 3274 δεικνυμένων
1009 3191 1300 3278 ἐλέγχων
1580 3279 1583 3282 ¹
1675 3276 1683 3285 .
2196 3204 2309 3259 905

512 3284 740 3356 τῶνδ’·
774 3291 1062 3377 ἐπίσημα
1089 3291 1217 3378 γάρ
1247 3320 1347 3362 τοι

510 3387 673 3483 θεὸς
701 3394 1167 3479 παραγγέλλει,

866 3505 970 3560 892
990 3530 1074 3540 -··
1099 3508 1202 3561 900
1225 3529 1317 3554 =
1342 3506 1683 3563 901-·9oo
