<?xml version="1.0" encoding="UTF-8"?>
<!DOCTYPE html PUBLIC "-//W3C//DTD XHTML 1.0 Transitional//EN"
    "http://www.w3.org/TR/xhtml1/DTD/xhtml1-transitional.dtd">
<html xmlns="http://www.w3.org/1999/xhtml" xml:lang="en" lang="en">
 <head>
  <title>
</title>
<meta http-equiv="Content-Type" content="text/html;charset=utf-8" />
  <meta name='ocr-system' content='tesseract 3.04.00' />
  <meta name='ocr-capabilities' content='ocr_page ocr_carea ocr_par ocr_line ocrx_word'/>
</head>
<body>
  <div class='ocr_page' id='page_1' title='image "./evripidistragoe03eurigoog/evripidistragoe03eurigoog_0288.png"; bbox 0 0 2492 3900; ppageno 0'>
   <div class='ocr_carea' id='block_1_1' title="bbox 306 177 430 244">
    <p class='ocr_par' dir='ltr' id='par_1_1' title="bbox 306 177 430 244">
     <span class='ocr_line' id='line_1_1' title="bbox 306 177 430 244; baseline -0.016 0"><span class='ocrx_word' id='word_1_1' title='bbox 306 177 430 244; x_wconf 83' lang='lat'><strong><em>176</em></strong></span> 
     </span>
    </p>
   </div>
   <div class='ocr_carea' id='block_1_2' title="bbox 1168 179 1471 239">
    <p class='ocr_par' dir='ltr' id='par_1_2' title="bbox 1168 179 1471 239">
     <span class='ocr_line' id='line_1_2' title="bbox 1168 179 1471 239; baseline 0.007 -2"><span class='ocrx_word' id='word_1_2' title='bbox 1168 179 1471 239; x_wconf 79' lang='lat' dir='ltr'><em>EKABH</em></span> 
     </span>
    </p>
   </div>
   <div class='ocr_carea' id='block_1_3' title="bbox 534 347 2382 3602">
    <p class='ocr_par' dir='ltr' id='par_1_3' title="bbox 538 347 2330 439">
     <span class='ocr_line' id='line_1_3' title="bbox 538 347 2330 439; baseline 0.003 -22"><span class='ocrx_word' id='word_1_3' title='bbox 538 355 653 432; x_wconf 78' lang='grc' dir='ltr'><strong><em>ἵζω</em></strong></span> <span class='ocrx_word' id='word_1_4' title='bbox 688 348 765 418; x_wconf 73' lang='grc' dir='ltr'><strong><em>δὲ</em></strong></span> <span class='ocrx_word' id='word_1_5' title='bbox 790 354 1023 436; x_wconf 82' lang='grc' dir='ltr'><strong><em>κλίνης</em></strong></span> <span class='ocrx_word' id='word_1_6' title='bbox 1051 351 1126 417; x_wconf 82' lang='grc' dir='ltr'><strong><em>ἐν</em></strong></span> <span class='ocrx_word' id='word_1_7' title='bbox 1152 349 1332 439; x_wconf 73' lang='grc' dir='ltr'><strong><em>μέσῳ</em></strong></span> <span class='ocrx_word' id='word_1_8' title='bbox 1361 349 1628 436; x_wconf 80' lang='grc' dir='ltr'><strong><em>κάμψας</em></strong></span> <span class='ocrx_word' id='word_1_9' title='bbox 1655 347 1824 437; x_wconf 93' lang='grc' dir='ltr'><strong><em>γόνυ</em></strong></span> <span class='ocrx_word' id='word_1_10' title='bbox 1841 370 1855 386; x_wconf 91' lang='grc'><em>·</em></span> <span class='ocrx_word' id='word_1_11' title='bbox 2193 373 2330 424; x_wconf 83' lang='grc'>1150</span> 
     </span>
    </p>

    <p class='ocr_par' dir='ltr' id='par_1_4' title="bbox 538 448 1879 539">
     <span class='ocr_line' id='line_1_4' title="bbox 538 448 1879 539; baseline -0.001 -18"><span class='ocrx_word' id='word_1_12' title='bbox 538 451 779 521; x_wconf 77' lang='grc' dir='ltr'><strong><em>πολλαὶ</em></strong></span> <span class='ocrx_word' id='word_1_13' title='bbox 806 450 883 519; x_wconf 68' lang='grc' dir='ltr'><strong><em>δὲ</em></strong></span> <span class='ocrx_word' id='word_1_14' title='bbox 909 449 1127 539; x_wconf 85' lang='grc' dir='ltr'><strong><em>χειρὸς</em></strong></span> <span class='ocrx_word' id='word_1_15' title='bbox 1154 456 1231 520; x_wconf 81' lang='grc' dir='ltr'><strong><em>αἳ</em></strong></span> <span class='ocrx_word' id='word_1_16' title='bbox 1261 449 1386 537; x_wconf 74' lang='grc' dir='ltr'><strong><em>μὲν</em></strong></span> <span class='ocrx_word' id='word_1_17' title='bbox 1412 453 1479 533; x_wconf 81' lang='grc' dir='ltr'><strong><em>ἐξ</em></strong></span> <span class='ocrx_word' id='word_1_18' title='bbox 1507 448 1879 539; x_wconf 75' lang='grc' dir='ltr'><strong><em>ἀριστερᾶς,</em></strong></span> 
     </span>
    </p>

    <p class='ocr_par' dir='ltr' id='par_1_5' title="bbox 536 547 2183 646">
     <span class='ocr_line' id='line_1_5' title="bbox 536 547 2183 646; baseline -0.001 -22"><span class='ocrx_word' id='word_1_19' title='bbox 536 560 619 624; x_wconf 85' lang='grc' dir='ltr'><strong><em>αἳ</em></strong></span> <span class='ocrx_word' id='word_1_20' title='bbox 645 549 711 624; x_wconf 85' lang='grc' dir='ltr'><strong><em>δ’</em></strong></span> <span class='ocrx_word' id='word_1_21' title='bbox 746 558 984 640; x_wconf 82' lang='grc' dir='ltr'><strong><em>ἔνθεν,</em></strong></span> <span class='ocrx_word' id='word_1_22' title='bbox 1016 547 1105 634; x_wconf 76' lang='grc' dir='ltr'><strong><em>ὡς</em></strong></span> <span class='ocrx_word' id='word_1_23' title='bbox 1133 550 1218 639; x_wconf 85' lang='grc' dir='ltr'><strong><em>δὴ</em></strong></span> <span class='ocrx_word' id='word_1_24' title='bbox 1246 550 1428 641; x_wconf 81' lang='grc' dir='ltr'><strong><em>παρὰ</em></strong></span> <span class='ocrx_word' id='word_1_25' title='bbox 1456 559 1668 646; x_wconf 75' lang='grc' dir='ltr'><strong><em>φίλῳ,</em></strong></span> <span class='ocrx_word' id='word_1_26' title='bbox 1708 552 1960 641; x_wconf 73' lang='grc' dir='ltr'><strong><em>Τρώων</em></strong></span> <span class='ocrx_word' id='word_1_27' title='bbox 1987 552 2183 642; x_wconf 80' lang='grc' dir='ltr'><strong><em>κόραι</em></strong></span> 
     </span>
    </p>

    <p class='ocr_par' dir='ltr' id='par_1_6' title="bbox 535 651 1974 743">
     <span class='ocr_line' id='line_1_6' title="bbox 535 651 1974 743; baseline -0.001 -18"><span class='ocrx_word' id='word_1_28' title='bbox 535 656 804 725; x_wconf 77' lang='grc' dir='ltr'><strong><em>θάκουν</em></strong></span> <span class='ocrx_word' id='word_1_29' title='bbox 824 661 1093 742; x_wconf 78' lang='grc' dir='ltr'><strong><em>ἔχουσαι</em></strong></span> <span class='ocrx_word' id='word_1_30' title='bbox 1162 651 1423 743; x_wconf 77' lang='grc' dir='ltr'><strong><em>κερκίδ’</em></strong></span> <span class='ocrx_word' id='word_1_31' title='bbox 1454 652 1756 742; x_wconf 83' lang='grc' dir='ltr'><strong><em>Ἠδωνῆς</em></strong></span> <span class='ocrx_word' id='word_1_32' title='bbox 1781 653 1974 743; x_wconf 87' lang='grc' dir='ltr'><strong><em>χερὸς</em></strong></span> 
     </span>
    </p>

    <p class='ocr_par' dir='ltr' id='par_1_7' title="bbox 534 753 2236 847">
     <span class='ocr_line' id='line_1_7' title="bbox 534 753 2236 847; baseline -0.001 -21"><span class='ocrx_word' id='word_1_33' title='bbox 534 754 751 847; x_wconf 76' lang='grc' dir='ltr'><strong><em>ᾔνουν</em></strong></span> <span class='ocrx_word' id='word_1_34' title='bbox 766 754 831 826; x_wconf 80' lang='grc' dir='ltr'><strong><em>θ’</em></strong></span> <span class='ocrx_word' id='word_1_35' title='bbox 846 753 1179 842; x_wconf 77' lang='grc' dir='ltr'><strong><em>ὑπἀὖγὰς</em></strong></span> <span class='ocrx_word' id='word_1_36' title='bbox 1204 756 1449 826; x_wconf 84' lang='grc' dir='ltr'><strong><em>τούσδε</em></strong></span> <span class='ocrx_word' id='word_1_37' title='bbox 1477 758 1880 827; x_wconf 82' lang='grc' dir='ltr'><strong><em>λεύσσουσαι</em></strong></span> <span class='ocrx_word' id='word_1_38' title='bbox 1909 757 2206 838; x_wconf 81' lang='grc' dir='ltr'><strong><em>πέπλους</em></strong></span> <span class='ocrx_word' id='word_1_39' title='bbox 2221 780 2236 794; x_wconf 88' lang='grc'><em>·</em></span> 
     </span>
    </p>

    <p class='ocr_par' dir='ltr' id='par_1_8' title="bbox 537 856 2328 948">
     <span class='ocr_line' id='line_1_8' title="bbox 537 856 2328 948; baseline 0.001 -21"><span class='ocrx_word' id='word_1_40' title='bbox 537 856 733 927; x_wconf 73' lang='grc' dir='ltr'><strong><em>ἄλλαι</em></strong></span> <span class='ocrx_word' id='word_1_41' title='bbox 762 857 837 926; x_wconf 74' lang='grc' dir='ltr'><strong><em>δὲ</em></strong></span> <span class='ocrx_word' id='word_1_42' title='bbox 864 857 1127 944; x_wconf 81' lang='grc' dir='ltr'><strong><em>κάμακα</em></strong></span> <span class='ocrx_word' id='word_1_43' title='bbox 1156 865 1463 948; x_wconf 80' lang='grc' dir='ltr'><strong><em>Θρῃκίαν</em></strong></span> <span class='ocrx_word' id='word_1_44' title='bbox 1489 859 1830 946; x_wconf 76' lang='grc' dir='ltr'><strong><em>θεώμεναι</em></strong></span> <span class='ocrx_word' id='word_1_45' title='bbox 2194 877 2328 930; x_wconf 83' lang='grc'>1155</span> 
     </span>
    </p>

    <p class='ocr_par' dir='ltr' id='par_1_9' title="bbox 536 957 2027 1048">
     <span class='ocr_line' id='line_1_9' title="bbox 536 957 2027 1048; baseline 0 -20"><span class='ocrx_word' id='word_1_46' title='bbox 536 961 799 1048; x_wconf 91' lang='grc' dir='ltr'><strong><em>γυμνόν</em></strong></span> <span class='ocrx_word' id='word_1_47' title='bbox 823 957 895 1047; x_wconf 86' lang='grc' dir='ltr'><strong><em>μ’</em></strong></span> <span class='ocrx_word' id='word_1_48' title='bbox 930 966 1189 1048; x_wconf 81' lang='grc' dir='ltr'><strong><em>ἔθηκαν</em></strong></span> <span class='ocrx_word' id='word_1_49' title='bbox 1214 961 1546 1048; x_wconf 80' lang='grc' dir='ltr'><strong><em>διπτύχου</em></strong></span> <span class='ocrx_word' id='word_1_50' title='bbox 1578 967 2027 1047; x_wconf 88' lang='grc' dir='ltr'><strong><em>στολίσματος.</em></strong></span> 
     </span>
    </p>

    <p class='ocr_par' dir='ltr' id='par_1_10' title="bbox 538 1052 1901 1152">
     <span class='ocr_line' id='line_1_10' title="bbox 538 1052 1901 1152; baseline -0.001 -20"><span class='ocrx_word' id='word_1_51' title='bbox 538 1059 690 1132; x_wconf 78' lang='grc' dir='ltr'><strong><em>ὅσαι</em></strong></span> <span class='ocrx_word' id='word_1_52' title='bbox 718 1063 795 1133; x_wconf 71' lang='grc' dir='ltr'><strong><em>δὲ</em></strong></span> <span class='ocrx_word' id='word_1_53' title='bbox 822 1062 1099 1144; x_wconf 78' lang='grc' dir='ltr'><strong><em>τοκάδες</em></strong></span> <span class='ocrx_word' id='word_1_54' title='bbox 1122 1052 1298 1150; x_wconf 81' lang='grc' dir='ltr'><strong><em>ἦσαν</em></strong></span> <span class='ocrx_word' id='word_1_55' title='bbox 1314 1115 1332 1149; x_wconf 94' lang='grc'><strong><em>,</em></strong></span> <span class='ocrx_word' id='word_1_56' title='bbox 1364 1063 1901 1152; x_wconf 81' lang='grc' dir='ltr'><strong><em>ἐκπαγλούμεναι</em></strong></span> 
     </span>
    </p>

    <p class='ocr_par' dir='ltr' id='par_1_11' title="bbox 537 1161 2096 1255">
     <span class='ocr_line' id='line_1_11' title="bbox 537 1161 2096 1255; baseline -0.001 -22"><span class='ocrx_word' id='word_1_57' title='bbox 537 1163 718 1234; x_wconf 79' lang='grc' dir='ltr'><strong><em>τέκν’</em></strong></span> <span class='ocrx_word' id='word_1_58' title='bbox 752 1169 827 1235; x_wconf 79' lang='grc' dir='ltr'><strong><em>ἐν</em></strong></span> <span class='ocrx_word' id='word_1_59' title='bbox 852 1179 1079 1254; x_wconf 81' lang='grc' dir='ltr'><strong><em>χεροῖν</em></strong></span> <span class='ocrx_word' id='word_1_60' title='bbox 1108 1171 1434 1251; x_wconf 83' lang='grc' dir='ltr'><strong><em>ἔπαλλον,</em></strong></span> <span class='ocrx_word' id='word_1_61' title='bbox 1466 1162 1554 1246; x_wconf 74' lang='grc' dir='ltr'><strong><em>ὡς</em></strong></span> <span class='ocrx_word' id='word_1_62' title='bbox 1587 1165 1816 1255; x_wconf 91' lang='grc' dir='ltr'><strong><em>πρόσω</em></strong></span> <span class='ocrx_word' id='word_1_63' title='bbox 1844 1161 2096 1253; x_wconf 84' lang='grc' dir='ltr'><strong><em>πατρὸς</em></strong></span> 
     </span>
    </p>

    <p class='ocr_par' dir='ltr' id='par_1_12' title="bbox 536 1263 1959 1355">
     <span class='ocr_line' id='line_1_12' title="bbox 536 1263 1959 1355; baseline -0.001 -21"><span class='ocrx_word' id='word_1_64' title='bbox 536 1267 876 1353; x_wconf 72' lang='grc' dir='ltr'><strong><em>γένοιντο,</em></strong></span> <span class='ocrx_word' id='word_1_65' title='bbox 908 1271 1251 1355; x_wconf 76' lang='grc' dir='ltr'><strong><em>διαδοχαῖς</em></strong></span> <span class='ocrx_word' id='word_1_66' title='bbox 1282 1263 1683 1354; x_wconf 80' lang='grc' dir='ltr'><strong><em>ἄμείβουσαι</em></strong></span> <span class='ocrx_word' id='word_1_67' title='bbox 1709 1281 1959 1355; x_wconf 80' lang='grc' dir='ltr'><strong><em>χεροῖν.</em></strong></span> 
     </span>
    </p>

    <p class='ocr_par' dir='ltr' id='par_1_13' title="bbox 538 1359 2336 1540">
     <span class='ocr_line' id='line_1_13' title="bbox 538 1359 2336 1456; baseline 0 -21"><span class='ocrx_word' id='word_1_68' title='bbox 538 1359 688 1456; x_wconf 79' lang='grc' dir='ltr'><strong><em>κᾷτ’</em></strong></span> <span class='ocrx_word' id='word_1_69' title='bbox 721 1373 795 1438; x_wconf 80' lang='grc' dir='ltr'><strong><em>ἐκ</em></strong></span> <span class='ocrx_word' id='word_1_70' title='bbox 821 1375 1136 1456; x_wconf 81' lang='grc' dir='ltr'><strong><em>γαληνοόν</em></strong></span> <span class='ocrx_word' id='word_1_71' title='bbox 1164 1410 1239 1421; x_wconf 93' lang='grc'>-</span> <span class='ocrx_word' id='word_1_72' title='bbox 1273 1376 1413 1450; x_wconf 76' lang='grc' dir='ltr'><strong><em>πῶς</em></strong></span> <span class='ocrx_word' id='word_1_73' title='bbox 1440 1374 1696 1452; x_wconf 79' lang='grc' dir='ltr'><strong><em>δοκεῖς;</em></strong></span> <span class='ocrx_word' id='word_1_74' title='bbox 1722 1408 1810 1418; x_wconf 88' lang='lat'><strong><em>--</em></strong></span> <span class='ocrx_word' id='word_1_75' title='bbox 1837 1369 2336 1456; x_wconf 82' lang='grc' dir='ltr'><strong><em>προσφθεγμά-</em></strong></span> 
     </span>
     <span class='ocr_line' id='line_1_14' title="bbox 1218 1486 2335 1540; baseline 0 -2"><span class='ocrx_word' id='word_1_76' title='bbox 1218 1498 1356 1540; x_wconf 84' lang='grc' dir='ltr'><strong><em>των</em></strong></span> <span class='ocrx_word' id='word_1_77' title='bbox 2198 1486 2335 1540; x_wconf 90' lang='grc'>1160</span> 
     </span>
    </p>

    <p class='ocr_par' dir='ltr' id='par_1_14' title="bbox 542 1566 2094 1661">
     <span class='ocr_line' id='line_1_15' title="bbox 542 1566 2094 1661; baseline 0.001 -23"><span class='ocrx_word' id='word_1_78' title='bbox 542 1566 757 1650; x_wconf 80' lang='grc' dir='ltr'><strong><em>εὐθὺς</em></strong></span> <span class='ocrx_word' id='word_1_79' title='bbox 784 1577 1114 1658; x_wconf 84' lang='grc' dir='ltr'><strong><em>λαβοῦσαι</em></strong></span> <span class='ocrx_word' id='word_1_80' title='bbox 1140 1570 1435 1661; x_wconf 77' lang='grc' dir='ltr'><strong><em>φάσγαν’</em></strong></span> <span class='ocrx_word' id='word_1_81' title='bbox 1468 1576 1544 1642; x_wconf 79' lang='grc' dir='ltr'><strong><em>ἐκ</em></strong></span> <span class='ocrx_word' id='word_1_82' title='bbox 1569 1575 1846 1642; x_wconf 83' lang='grc' dir='ltr'><strong><em>πέπλων</em></strong></span> <span class='ocrx_word' id='word_1_83' title='bbox 1871 1571 2094 1641; x_wconf 74' lang='grc' dir='ltr'><strong><em>ποθὲν</em></strong></span> 
     </span>
    </p>

    <p class='ocr_par' dir='ltr' id='par_1_15' title="bbox 540 1674 1958 1763">
     <span class='ocr_line' id='line_1_16' title="bbox 540 1674 1958 1763; baseline 0.001 -22"><span class='ocrx_word' id='word_1_84' title='bbox 540 1677 853 1742; x_wconf 80' lang='grc' dir='ltr'><strong><em>κεντοῦσι</em></strong></span> <span class='ocrx_word' id='word_1_85' title='bbox 879 1677 1153 1760; x_wconf 80' lang='grc' dir='ltr'><strong><em>παῖδας,</em></strong></span> <span class='ocrx_word' id='word_1_86' title='bbox 1186 1681 1266 1745; x_wconf 78' lang='grc' dir='ltr'><strong><em>αἳ</em></strong></span> <span class='ocrx_word' id='word_1_87' title='bbox 1288 1674 1364 1742; x_wconf 73' lang='grc' dir='ltr'><strong><em>δὲ</em></strong></span> <span class='ocrx_word' id='word_1_88' title='bbox 1391 1681 1729 1763; x_wconf 87' lang='grc' dir='ltr'><strong><em>πολεμίων</em></strong></span> <span class='ocrx_word' id='word_1_89' title='bbox 1758 1681 1958 1762; x_wconf 87' lang='grc' dir='ltr'><strong><em>δίκην</em></strong></span> 
     </span>
    </p>

    <p class='ocr_par' dir='ltr' id='par_1_16' title="bbox 542 1772 1805 1866">
     <span class='ocr_line' id='line_1_17' title="bbox 542 1772 1805 1866; baseline 0.003 -24"><span class='ocrx_word' id='word_1_90' title='bbox 542 1774 1044 1863; x_wconf 81' lang='grc' dir='ltr'><strong><em>ξυναρπάσασαι</em></strong></span> <span class='ocrx_word' id='word_1_91' title='bbox 1072 1772 1188 1855; x_wconf 79' lang='grc' dir='ltr'><strong><em>τὰς</em></strong></span> <span class='ocrx_word' id='word_1_92' title='bbox 1214 1775 1374 1861; x_wconf 79' lang='grc' dir='ltr'><strong><em>ἐμὰς</em></strong></span> <span class='ocrx_word' id='word_1_93' title='bbox 1404 1776 1582 1864; x_wconf 84' lang='grc' dir='ltr'><strong><em>εἶχον</em></strong></span> <span class='ocrx_word' id='word_1_94' title='bbox 1609 1779 1805 1866; x_wconf 84' lang='grc' dir='ltr'><strong><em>χέρας</em></strong></span> 
     </span>
    </p>

    <p class='ocr_par' dir='ltr' id='par_1_17' title="bbox 538 1873 2048 1969">
     <span class='ocr_line' id='line_1_18' title="bbox 538 1873 2048 1969; baseline 0.001 -23"><span class='ocrx_word' id='word_1_95' title='bbox 538 1877 654 1946; x_wconf 86' lang='grc' dir='ltr'><strong><em>καὶ</em></strong></span> <span class='ocrx_word' id='word_1_96' title='bbox 680 1882 895 1946; x_wconf 76' lang='grc' dir='ltr'><strong><em>κῶλα·</em></strong></span> <span class='ocrx_word' id='word_1_97' title='bbox 937 1879 1125 1946; x_wconf 80' lang='grc' dir='ltr'><strong><em>παισὶ</em></strong></span> <span class='ocrx_word' id='word_1_98' title='bbox 1153 1873 1218 1946; x_wconf 85' lang='grc' dir='ltr'><strong><em>δ’</em></strong></span> <span class='ocrx_word' id='word_1_99' title='bbox 1252 1873 1528 1968; x_wconf 80' lang='grc' dir='ltr'><strong><em>ἀρκέσαι</em></strong></span> <span class='ocrx_word' id='word_1_100' title='bbox 1557 1879 1817 1969; x_wconf 78' lang='grc' dir='ltr'><strong><em>χρῄζων</em></strong></span> <span class='ocrx_word' id='word_1_101' title='bbox 1847 1881 2048 1967; x_wconf 74' lang='grc' dir='ltr'><strong><em>ἐμοῖς,</em></strong></span> 
     </span>
    </p>

    <p class='ocr_par' dir='ltr' id='par_1_18' title="bbox 542 1980 2333 2070">
     <span class='ocr_line' id='line_1_19' title="bbox 542 1980 2333 2070; baseline 0 -19"><span class='ocrx_word' id='word_1_102' title='bbox 542 1988 605 2051; x_wconf 84' lang='grc' dir='ltr'><strong><em>εἰ</em></strong></span> <span class='ocrx_word' id='word_1_103' title='bbox 628 1980 753 2067; x_wconf 72' lang='grc' dir='ltr'><strong><em>μὲν</em></strong></span> <span class='ocrx_word' id='word_1_104' title='bbox 778 1980 1139 2069; x_wconf 86' lang='grc' dir='ltr'><strong><em>πρόσωπον</em></strong></span> <span class='ocrx_word' id='word_1_105' title='bbox 1167 1984 1586 2070; x_wconf 81' lang='grc' dir='ltr'><strong><em>ἐξανισταίην</em></strong></span> <span class='ocrx_word' id='word_1_106' title='bbox 1614 1982 1796 2070; x_wconf 82' lang='grc' dir='ltr'><strong><em>ἐμόν,</em></strong></span> <span class='ocrx_word' id='word_1_107' title='bbox 2203 1998 2333 2053; x_wconf 85' lang='grc'>1165</span> 
     </span>
    </p>

    <p class='ocr_par' dir='ltr' id='par_1_19' title="bbox 538 2082 1848 2174">
     <span class='ocr_line' id='line_1_20' title="bbox 538 2082 1848 2174; baseline 0.002 -23"><span class='ocrx_word' id='word_1_108' title='bbox 538 2082 747 2169; x_wconf 84' lang='grc' dir='ltr'><strong><em>κόμης</em></strong></span> <span class='ocrx_word' id='word_1_109' title='bbox 772 2098 1114 2169; x_wconf 73' lang='grc' dir='ltr'><strong><em>κατεῖχον,</em></strong></span> <span class='ocrx_word' id='word_1_110' title='bbox 1147 2090 1211 2151; x_wconf 83' lang='grc' dir='ltr'><strong><em>εἰ</em></strong></span> <span class='ocrx_word' id='word_1_111' title='bbox 1235 2083 1311 2151; x_wconf 73' lang='grc' dir='ltr'><strong><em>δὲ</em></strong></span> <span class='ocrx_word' id='word_1_112' title='bbox 1338 2090 1606 2171; x_wconf 88' lang='grc' dir='ltr'><strong><em>κινοίην</em></strong></span> <span class='ocrx_word' id='word_1_113' title='bbox 1632 2087 1848 2174; x_wconf 84' lang='grc' dir='ltr'><strong><em>χέρας,</em></strong></span> 
     </span>
    </p>

    <p class='ocr_par' dir='ltr' id='par_1_20' title="bbox 541 2180 1896 2272">
     <span class='ocr_line' id='line_1_21' title="bbox 541 2180 1896 2272; baseline 0 -19"><span class='ocrx_word' id='word_1_114' title='bbox 541 2182 791 2270; x_wconf 81' lang='grc' dir='ltr'><strong><em>πλήθει</em></strong></span> <span class='ocrx_word' id='word_1_115' title='bbox 822 2190 1171 2270; x_wconf 75' lang='grc' dir='ltr'><strong><em>γυναικῶν</em></strong></span> <span class='ocrx_word' id='word_1_116' title='bbox 1200 2180 1408 2253; x_wconf 74' lang='grc' dir='ltr'><strong><em>οὐδὲν</em></strong></span> <span class='ocrx_word' id='word_1_117' title='bbox 1433 2182 1648 2272; x_wconf 77' lang='grc' dir='ltr'><strong><em>ἤνυον</em></strong></span> <span class='ocrx_word' id='word_1_118' title='bbox 1677 2186 1896 2265; x_wconf 86' lang='grc' dir='ltr'><strong><em>τάλας.</em></strong></span> 
     </span>
    </p>

    <p class='ocr_par' dir='ltr' id='par_1_21' title="bbox 540 2283 1887 2375">
     <span class='ocr_line' id='line_1_22' title="bbox 540 2283 1887 2375; baseline 0.003 -22"><span class='ocrx_word' id='word_1_119' title='bbox 540 2283 615 2353; x_wconf 90' lang='grc' dir='ltr'><strong><em>τὸ</em></strong></span> <span class='ocrx_word' id='word_1_120' title='bbox 647 2291 958 2352; x_wconf 82' lang='grc' dir='ltr'><strong><em>λοίσθιον</em></strong></span> <span class='ocrx_word' id='word_1_121' title='bbox 986 2286 1093 2370; x_wconf 86' lang='grc' dir='ltr'><strong><em>δέ,</em></strong></span> <span class='ocrx_word' id='word_1_122' title='bbox 1129 2292 1314 2372; x_wconf 84' lang='grc' dir='ltr'><strong><em>πῆμα</em></strong></span> <span class='ocrx_word' id='word_1_123' title='bbox 1340 2286 1634 2375; x_wconf 85' lang='grc' dir='ltr'><strong><em>πήματος</em></strong></span> <span class='ocrx_word' id='word_1_124' title='bbox 1662 2290 1887 2375; x_wconf 82' lang='grc' dir='ltr'><strong><em>πλέον,</em></strong></span> 
     </span>
    </p>

    <p class='ocr_par' dir='ltr' id='par_1_22' title="bbox 542 2384 1985 2481">
     <span class='ocr_line' id='line_1_23' title="bbox 542 2384 1985 2481; baseline 0.003 -29"><span class='ocrx_word' id='word_1_125' title='bbox 542 2384 1003 2473; x_wconf 79' lang='grc' dir='ltr'><strong><em>ἐξειργάσαντο</em></strong></span> <span class='ocrx_word' id='word_1_126' title='bbox 1032 2384 1202 2455; x_wconf 85' lang='grc' dir='ltr'><strong><em>δείν’</em></strong></span> <span class='ocrx_word' id='word_1_127' title='bbox 1224 2408 1239 2423; x_wconf 90' lang='grc'><em>·</em></span> <span class='ocrx_word' id='word_1_128' title='bbox 1284 2390 1464 2475; x_wconf 74' lang='grc' dir='ltr'><strong><em>ἐμῶν</em></strong></span> <span class='ocrx_word' id='word_1_129' title='bbox 1490 2388 1620 2481; x_wconf 81' lang='grc' dir='ltr'><strong><em>γὰρ</em></strong></span> <span class='ocrx_word' id='word_1_130' title='bbox 1649 2387 1985 2479; x_wconf 87' lang='grc' dir='ltr'><strong><em>ὀμμάτων,</em></strong></span> 
     </span>
    </p>

    <p class='ocr_par' dir='ltr' id='par_1_23' title="bbox 542 2485 2342 2582">
     <span class='ocr_line' id='line_1_24' title="bbox 542 2485 2342 2582; baseline 0.006 -27"><span class='ocrx_word' id='word_1_131' title='bbox 542 2485 802 2575; x_wconf 84' lang='grc' dir='ltr'><strong><em>πόρπας</em></strong></span> <span class='ocrx_word' id='word_1_132' title='bbox 828 2494 1193 2578; x_wconf 85' lang='grc' dir='ltr'><strong><em>λαβοῦσαι,</em></strong></span> <span class='ocrx_word' id='word_1_133' title='bbox 1222 2488 1339 2570; x_wconf 77' lang='grc' dir='ltr'><strong><em>τὰς</em></strong></span> <span class='ocrx_word' id='word_1_134' title='bbox 1365 2491 1830 2582; x_wconf 74' lang='grc' dir='ltr'><strong><em>ταλαιπώρους</em></strong></span> <span class='ocrx_word' id='word_1_135' title='bbox 1858 2489 2062 2579; x_wconf 88' lang='grc' dir='ltr'><strong><em>κόρας</em></strong></span> <span class='ocrx_word' id='word_1_136' title='bbox 2195 2508 2342 2565; x_wconf 77' lang='grc'>1170</span> 
     </span>
    </p>

    <p class='ocr_par' dir='ltr' id='par_1_24' title="bbox 542 2590 1986 2682">
     <span class='ocr_line' id='line_1_25' title="bbox 542 2590 1986 2682; baseline 0.001 -23"><span class='ocrx_word' id='word_1_137' title='bbox 542 2595 898 2660; x_wconf 85' lang='grc' dir='ltr'><strong><em>κεντοῦσιν</em></strong></span> <span class='ocrx_word' id='word_1_138' title='bbox 930 2591 1404 2679; x_wconf 76' lang='grc' dir='ltr'><strong><em>αἰμάσσουσιν·</em></strong></span> <span class='ocrx_word' id='word_1_139' title='bbox 1440 2590 1561 2663; x_wconf 83' lang='grc' dir='ltr'><strong><em>εἶτ’</em></strong></span> <span class='ocrx_word' id='word_1_140' title='bbox 1595 2590 1724 2663; x_wconf 78' lang='grc' dir='ltr'><strong><em>ἀνὰ</em></strong></span> <span class='ocrx_word' id='word_1_141' title='bbox 1752 2595 1986 2682; x_wconf 89' lang='grc' dir='ltr'><strong><em>στέγας</em></strong></span> 
     </span>
    </p>

    <p class='ocr_par' dir='ltr' id='par_1_25' title="bbox 539 2692 1844 2785">
     <span class='ocr_line' id='line_1_26' title="bbox 539 2692 1844 2785; baseline 0.004 -25"><span class='ocrx_word' id='word_1_142' title='bbox 539 2692 839 2780; x_wconf 84' lang='grc' dir='ltr'><strong><em>φυγάδες</em></strong></span> <span class='ocrx_word' id='word_1_143' title='bbox 868 2700 1117 2781; x_wconf 77' lang='grc' dir='ltr'><strong><em>ἔβησαν</em></strong></span> <span class='ocrx_word' id='word_1_144' title='bbox 1134 2717 1149 2731; x_wconf 87' lang='grc'><em>·</em></span> <span class='ocrx_word' id='word_1_145' title='bbox 1180 2698 1253 2764; x_wconf 82' lang='grc' dir='ltr'><strong><em>ἐκ</em></strong></span> <span class='ocrx_word' id='word_1_146' title='bbox 1283 2694 1359 2763; x_wconf 74' lang='grc' dir='ltr'><strong><em>δὲ</em></strong></span> <span class='ocrx_word' id='word_1_147' title='bbox 1384 2695 1688 2785; x_wconf 84' lang='grc' dir='ltr'><strong><em>πηδήσας</em></strong></span> <span class='ocrx_word' id='word_1_148' title='bbox 1715 2694 1844 2785; x_wconf 70' lang='grc' dir='ltr'><strong><em>ἐγώ</em></strong></span> 
     </span>
    </p>

    <p class='ocr_par' dir='ltr' id='par_1_26' title="bbox 538 2790 1882 2887">
     <span class='ocr_line' id='line_1_27' title="bbox 538 2790 1882 2887; baseline 0.006 -27"><span class='ocrx_word' id='word_1_149' title='bbox 538 2791 679 2880; x_wconf 78' lang='grc' dir='ltr'><strong><em>θὴρ</em></strong></span> <span class='ocrx_word' id='word_1_150' title='bbox 710 2790 799 2872; x_wconf 65' lang='grc' dir='ltr'><strong><em>ὥς</em></strong></span> <span class='ocrx_word' id='word_1_151' title='bbox 828 2792 1051 2862; x_wconf 73' lang='grc' dir='ltr'><strong><em>διώκω</em></strong></span> <span class='ocrx_word' id='word_1_152' title='bbox 1078 2794 1195 2875; x_wconf 80' lang='grc' dir='ltr'><strong><em>τὰς</em></strong></span> <span class='ocrx_word' id='word_1_153' title='bbox 1222 2798 1624 2886; x_wconf 88' lang='grc' dir='ltr'><strong><em>μιαιφόνους</em></strong></span> <span class='ocrx_word' id='word_1_154' title='bbox 1649 2798 1882 2887; x_wconf 79' lang='grc' dir='ltr'><strong><em>κύνας,</em></strong></span> 
     </span>
    </p>

    <p class='ocr_par' dir='ltr' id='par_1_27' title="bbox 538 2890 1902 2989">
     <span class='ocr_line' id='line_1_28' title="bbox 538 2890 1902 2989; baseline 0.006 -26"><span class='ocrx_word' id='word_1_155' title='bbox 538 2890 780 2963; x_wconf 83' lang='grc' dir='ltr'><strong><em>ἅπαντ’</em></strong></span> <span class='ocrx_word' id='word_1_156' title='bbox 815 2896 1115 2982; x_wconf 73' lang='grc' dir='ltr'><strong><em>ἐρευνῶν</em></strong></span> <span class='ocrx_word' id='word_1_157' title='bbox 1141 2912 1368 2985; x_wconf 74' lang='grc' dir='ltr'><strong><em>τοῖχον</em></strong></span> <span class='ocrx_word' id='word_1_158' title='bbox 1395 2896 1483 2979; x_wconf 74' lang='grc' dir='ltr'><strong><em>ὥς</em></strong></span> <span class='ocrx_word' id='word_1_159' title='bbox 1509 2902 1902 2989; x_wconf 85' lang='grc' dir='ltr'><strong><em>κυνηγέτης,</em></strong></span> 
     </span>
    </p>

    <p class='ocr_par' dir='ltr' id='par_1_28' title="bbox 540 2991 2334 3091">
     <span class='ocr_line' id='line_1_29' title="bbox 540 2991 2334 3091; baseline 0.007 -30"><span class='ocrx_word' id='word_1_160' title='bbox 540 2994 810 3081; x_wconf 87' lang='grc' dir='ltr'><strong><em>βάλλων</em></strong></span> <span class='ocrx_word' id='word_1_161' title='bbox 836 2991 1165 3085; x_wconf 77' lang='grc' dir='ltr'><strong><em>ἀράσσων.</em></strong></span> <span class='ocrx_word' id='word_1_162' title='bbox 1195 3000 1419 3070; x_wconf 89' lang='grc' dir='ltr'><strong><em>τοιάδε</em></strong></span> <span class='ocrx_word' id='word_1_163' title='bbox 1445 3002 1768 3075; x_wconf 87' lang='grc' dir='ltr'><strong><em>σπεύδων</em></strong></span> <span class='ocrx_word' id='word_1_164' title='bbox 1791 3002 1990 3091; x_wconf 82' lang='grc' dir='ltr'><strong><em>χάριν</em></strong></span> <span class='ocrx_word' id='word_1_165' title='bbox 2195 3018 2334 3074; x_wconf 80' lang='grc'>1175</span> 
     </span>
    </p>

    <p class='ocr_par' dir='ltr' id='par_1_29' title="bbox 542 3095 2080 3195">
     <span class='ocr_line' id='line_1_30' title="bbox 542 3095 2080 3195; baseline 0.008 -31"><span class='ocrx_word' id='word_1_166' title='bbox 542 3097 855 3166; x_wconf 82' lang='grc' dir='ltr'><strong><em>πέπονθα</em></strong></span> <span class='ocrx_word' id='word_1_167' title='bbox 879 3095 1005 3187; x_wconf 82' lang='grc' dir='ltr'><strong><em>τὴν</em></strong></span> <span class='ocrx_word' id='word_1_168' title='bbox 1031 3098 1159 3188; x_wconf 84' lang='grc' dir='ltr'><strong><em>σὴν</em></strong></span> <span class='ocrx_word' id='word_1_169' title='bbox 1189 3102 1512 3191; x_wconf 84' lang='grc' dir='ltr'><strong><em>πολέμιόν</em></strong></span> <span class='ocrx_word' id='word_1_170' title='bbox 1539 3131 1612 3173; x_wconf 87' lang='grc' dir='ltr'><strong><em>τε</em></strong></span> <span class='ocrx_word' id='word_1_171' title='bbox 1636 3104 1770 3189; x_wconf 43' lang='grc' dir='ltr'><strong><em>σὸν,</em></strong></span> <span class='ocrx_word' id='word_1_172' title='bbox 1789 3109 2080 3195; x_wconf 72' lang='grc' dir='ltr'><strong><em>κτανών,</em></strong></span> 
     </span>
    </p>

    <p class='ocr_par' dir='ltr' id='par_1_30' title="bbox 535 3194 2164 3295">
     <span class='ocr_line' id='line_1_31' title="bbox 535 3194 2164 3295; baseline 0.004 -28"><span class='ocrx_word' id='word_1_173' title='bbox 535 3194 967 3289; x_wconf 81' lang='grc' dir='ltr'><strong><em>Ἀγάμεμνον.</em></strong></span> <span class='ocrx_word' id='word_1_174' title='bbox 1000 3197 1090 3282; x_wconf 72' lang='grc' dir='ltr'><strong><em>ὥς</em></strong></span> <span class='ocrx_word' id='word_1_175' title='bbox 1118 3203 1193 3273; x_wconf 77' lang='grc' dir='ltr'><strong><em>δὲ</em></strong></span> <span class='ocrx_word' id='word_1_176' title='bbox 1224 3203 1317 3293; x_wconf 74' lang='grc' dir='ltr'><strong><em>μὴ</em></strong></span> <span class='ocrx_word' id='word_1_177' title='bbox 1345 3201 1646 3295; x_wconf 70' lang='grc' dir='ltr'><strong><em>μακροὺς</em></strong></span> <span class='ocrx_word' id='word_1_178' title='bbox 1677 3212 1871 3277; x_wconf 82' lang='grc' dir='ltr'><strong><em>τείνω</em></strong></span> <span class='ocrx_word' id='word_1_179' title='bbox 1899 3205 2164 3295; x_wconf 87' lang='grc' dir='ltr'><strong><em>λόγους,</em></strong></span> 
     </span>
    </p>

    <p class='ocr_par' dir='ltr' id='par_1_31' title="bbox 541 3309 1978 3398">
     <span class='ocr_line' id='line_1_32' title="bbox 541 3309 1978 3398; baseline 0.008 -29"><span class='ocrx_word' id='word_1_180' title='bbox 541 3310 609 3370; x_wconf 81' lang='grc' dir='ltr'><strong><em>εἴ</em></strong></span> <span class='ocrx_word' id='word_1_181' title='bbox 628 3328 727 3383; x_wconf 90' lang='grc' dir='ltr'><strong><em>τις</em></strong></span> <span class='ocrx_word' id='word_1_182' title='bbox 753 3318 1077 3388; x_wconf 81' lang='grc' dir='ltr'><strong><em>γυναῖκας</em></strong></span> <span class='ocrx_word' id='word_1_183' title='bbox 1102 3311 1240 3374; x_wconf 74' lang='grc' dir='ltr'><strong><em>τῶν</em></strong></span> <span class='ocrx_word' id='word_1_184' title='bbox 1267 3309 1430 3397; x_wconf 85' lang='grc' dir='ltr'><strong><em>πρὶν</em></strong></span> <span class='ocrx_word' id='word_1_185' title='bbox 1458 3318 1728 3398; x_wconf 77' lang='grc' dir='ltr'><strong><em>εἴρηκεν</em></strong></span> <span class='ocrx_word' id='word_1_186' title='bbox 1754 3315 1978 3389; x_wconf 72' lang='grc' dir='ltr'><strong><em>κακῶς</em></strong></span> 
     </span>
    </p>

    <p class='ocr_par' dir='ltr' id='par_1_32' title="bbox 539 3397 1915 3501">
     <span class='ocr_line' id='line_1_33' title="bbox 539 3397 1915 3501; baseline 0.007 -31"><span class='ocrx_word' id='word_1_187' title='bbox 539 3397 583 3489; x_wconf 78' lang='grc' dir='ltr'><em>ἢ</em></span> <span class='ocrx_word' id='word_1_188' title='bbox 610 3408 744 3471; x_wconf 86' lang='grc' dir='ltr'><strong><em>νῦν</em></strong></span> <span class='ocrx_word' id='word_1_189' title='bbox 772 3404 988 3491; x_wconf 84' lang='grc' dir='ltr'><strong><em>λέγων</em></strong></span> <span class='ocrx_word' id='word_1_190' title='bbox 1014 3414 1195 3477; x_wconf 83' lang='grc' dir='ltr'><strong><em>ἔστιν</em></strong></span> <span class='ocrx_word' id='word_1_191' title='bbox 1215 3435 1317 3489; x_wconf 90' lang='grc' dir='ltr'><strong><em>τις</em></strong></span> <span class='ocrx_word' id='word_1_192' title='bbox 1346 3404 1392 3496; x_wconf 80' lang='grc' dir='ltr'><em>ἢ</em></span> <span class='ocrx_word' id='word_1_193' title='bbox 1417 3414 1646 3497; x_wconf 84' lang='grc' dir='ltr'><strong><em>μέλλει</em></strong></span> <span class='ocrx_word' id='word_1_194' title='bbox 1671 3412 1915 3501; x_wconf 86' lang='grc' dir='ltr'><strong><em>λέγειν,</em></strong></span> 
     </span>
    </p>

    <p class='ocr_par' dir='ltr' id='par_1_33' title="bbox 538 3498 2382 3602">
     <span class='ocr_line' id='line_1_34' title="bbox 538 3498 2382 3602; baseline 0.008 -31"><span class='ocrx_word' id='word_1_195' title='bbox 538 3498 798 3573; x_wconf 76' lang='grc' dir='ltr'><strong><em>ἅπαντα</em></strong></span> <span class='ocrx_word' id='word_1_196' title='bbox 827 3512 1035 3575; x_wconf 84' lang='grc' dir='ltr'><strong><em>ταῦτα</em></strong></span> <span class='ocrx_word' id='word_1_197' title='bbox 1062 3508 1416 3597; x_wconf 71' lang='grc' dir='ltr'><strong><em>συντεμών</em></strong></span> <span class='ocrx_word' id='word_1_198' title='bbox 1441 3510 1574 3598; x_wconf 74' lang='grc' dir='ltr'><strong><em>ἐγὼ</em></strong></span> <span class='ocrx_word' id='word_1_199' title='bbox 1601 3513 1840 3602; x_wconf 83' lang='grc' dir='ltr'><strong><em>φράσω</em></strong></span> <span class='ocrx_word' id='word_1_200' title='bbox 1857 3533 1871 3549; x_wconf 90' lang='grc'><em>·</em></span> <span class='ocrx_word' id='word_1_201' title='bbox 2196 3528 2346 3587; x_wconf 83' lang='grc'>1180</span> <span class='ocrx_word' id='word_1_202' title='bbox 2375 3507 2382 3515; x_wconf 52' lang='grc'><strong><em>’</em></strong></span> 
     </span>
    </p>
   </div>
   <div class='ocr_carea' id='block_1_4' title="bbox 2491 0 2492 1889">
    <p class='ocr_par' dir='ltr' id='par_1_34' title="bbox 2491 0 2492 1889">
     <span class='ocr_line' id='line_1_35' title="bbox 2491 0 2492 1889; baseline 0 0"><span class='ocrx_word' id='word_1_203' title='bbox 2491 0 2492 1889; x_wconf 95' lang='lat' dir='ltr'><strong><em> </em></strong></span> 
     </span>
    </p>
   </div>
   <div class='ocr_carea' id='block_1_5' title="bbox 2491 2113 2492 3016">
    <p class='ocr_par' dir='ltr' id='par_1_35' title="bbox 2491 2113 2492 3016">
     <span class='ocr_line' id='line_1_36' title="bbox 2491 2113 2492 3016; baseline 0 0"><span class='ocrx_word' id='word_1_204' title='bbox 2491 2113 2492 3016; x_wconf 95' lang='lat' dir='ltr'><strong><em> </em></strong></span> 
     </span>
    </p>
   </div>
   <div class='ocr_carea' id='block_1_6' title="bbox 2491 3223 2492 3880">
    <p class='ocr_par' dir='ltr' id='par_1_36' title="bbox 2491 3223 2492 3880">
     <span class='ocr_line' id='line_1_37' title="bbox 2491 3223 2492 3880; baseline 0 0"><span class='ocrx_word' id='word_1_205' title='bbox 2491 3223 2492 3880; x_wconf 95' lang='lat' dir='ltr'><strong><em> </em></strong></span> 
     </span>
    </p>
   </div>
  </div>
 </body>
</html>
