2492 3900
164 3071 319 3132 XO.

170 3274 311 3335 ΟΡ.

987 142 1384 200 HAEKTPA
2058 139 2181 208 221

407 320 612 384 πᾶσιν
639 306 706 379 δ’
740 312 815 379 ἐν
838 305 1238 401 Ἀργείοισιν
1266 307 1505 398 ἤκουες
1532 312 1690 381 τάδε
1708 334 1723 350 ·
2085 332 2185 384 ψη

405 411 442 483 ὁ
468 420 583 502 τῆς
612 412 965 502 γυναικός,
996 410 1148 499 οὐχὶ
1177 411 1465 501 τάνδρὸς
1492 410 1531 501 ῆ
1563 414 1757 502 γυνή.

407 522 625 585 καίτοι
655 511 803 583 τόδ’
837 514 1145 602 αἰσχρόν,
1176 530 1574 603 προστατεῖν
1600 543 1678 603 γε
1706 515 2025 604 δωμάτων

407 631 727 706 γυναῖκα,
757 619 847 704 μὴ
877 614 998 686 τὸν
1026 613 1242 706 ἄνδρα
1260 639 1274 653 ·
1307 614 1664 698 κάκείνους
1690 625 1914 705 στυγῶ

407 716 565 799 τοὺς
591 722 867 804 παῖδας,
898 713 1077 798 ὅστις
1104 725 1226 786 τοῦ
1258 718 1381 806 μὲν
1409 715 1691 806 ἄρσενος
1718 719 1965 808 πατρὸς

407 816 534 889 οὐκ
562 817 938 907 ὠνόμασται
959 870 978 907 ,
1015 825 1131 908 τῆς
1158 820 1233 889 δὲ
1261 818 1510 908 μητρὸς
1538 823 1612 890 ἐν
1638 821 1848 890 πόλει.
2085 844 2185 892 [Ιδῐι

408 926 693 1009 ἐπίσημα
720 919 848 1008 γὰρ
878 921 1162 1009 γήμαντι
1189 924 1304 991 καὶ
1330 929 1528 1009 μείζω
1556 925 1710 1010 λε’χη

406 1021 691 1112 τάνδρὸς
718 1023 843 1110 μὲν
870 1019 1128 1109 οὐδείς,
1158 1030 1294 1092 τῶν
1322 1023 1397 1092 δὲ
1424 1030 1723 1113 θηλειῶν
1750 1024 1961 1113 λόγος.

408 1121 446 1194 ὃ
476 1121 542 1194 δ’
574 1122 794 1213 ἠπάτα
820 1146 897 1195 σε
924 1134 1236 1194 πλεῖστον
1267 1122 1392 1194 οὐκ
1421 1125 1780 1213 ἐγνωκότα,

407 1223 632 1314 ηὔχεις
658 1255 757 1307 τις
787 1225 960 1296 εἶναι
987 1242 1159 1296 τοῖσι
1184 1227 1472 1316 χρήμασι
1501 1230 1772 1297 σθένων
1790 1248 1805 1262 ·

408 1327 488 1397 τὰ
516 1326 580 1398 δ’
614 1325 821 1399 οὐδὲν
850 1335 915 1398 εἰ
940 1325 1031 1416 μὴ
1057 1327 1321 1418 βραχὺν
1349 1325 1660 1416 ὁμιλῆσαι
1686 1328 1949 1417 χρόνον.
2085 1348 2185 1396 *Mla*

408 1427 451 1518 ἡ
483 1429 608 1520 γὰρ
639 1431 841 1518 φύσις
867 1432 1164 1518 βέβαιος,
1196 1427 1280 1498 οὐ
1310 1428 1389 1499 τὰ
1414 1431 1731 1519 χρήματα.

408 1532 452 1620 ἢ
479 1532 603 1621 μὲν
629 1530 757 1622 γὰρ
786 1530 891 1602 ἀεὶ
919 1529 1376 1621 παραμένουσ’
1407 1541 1583 1623 αἴρει
1613 1533 1817 1602 κακά·

410 1630 444 1703 ὃ
476 1631 540 1704 δ’
570 1632 770 1723 ὄλβος
798 1631 1047 1714 ἀδίκως
1074 1636 1187 1702 καὶ
1213 1631 1378 1722 μετὰ
1409 1641 1665 1703 σκαιῶν
1693 1632 1916 1718 ξυνών

409 1735 702 1818 ἐξέπτατ’
736 1747 977 1823 οἴκων,
1008 1733 1294 1825 σμικρὸν
1322 1733 1625 1824 ἀνθήσας
1651 1736 1916 1826 χρόνον.

410 1834 489 1906 τά
506 1840 570 1910 δ’
590 1844 683 1919 είς
708 1854 1068 1926 γυναῖκας,
1099 1839 1423 1929 παρθένῳ
1451 1836 1580 1926 γὰρ
1617 1836 1701 1907 οὐ
1730 1835 1937 1908 καλὸν
2085 1856 2181 1908 [1145.

411 1943 664 2028 λέγειν,
695 1947 962 2029 σιωπῶ,
990 1946 1345 2029 γνωρίμως
1376 1935 1445 2009 δ’
1477 1943 1827 2029 αἰνίξομαι.

406 2039 705 2131 ὕβριζες,
737 2040 826 2123 ῶς
855 2042 940 2131 δὴ
967 2040 1357 2131 βασιλικοὺς
1385 2048 1555 2129 ἔχων
1584 2042 1830 2130 δόμους

408 2144 638 2215 κάλλει
662 2141 724 2214 τ’
756 2142 1040 2235 ἀραρώς.
1076 2141 1223 2213 ἀλλ’
1258 2142 1476 2232 ἔμοιγ’
1508 2154 1610 2232 εἴη
1639 2141 1832 2224 πόσις

407 2245 496 2334 μὴ
526 2248 1005 2336 παρθενωπός,
1042 2243 1212 2315 ἀλλὰ
1238 2243 1600 2335 τάνδρείου
1626 2244 1902 2332 τρόπον.

409 2347 489 2417 τὰ
517 2347 646 2438 γὰρ
672 2346 856 2418 τέκν’
891 2346 1119 2419 αὐτῶν
1140 2345 1376 2438 ’Ἄρεος
1404 2348 1949 2439 ἐκκρεμάννυται,
2085 2369 2185 2417 υῖιϋ

413 2447 493 2518 τὰ
520 2457 563 2520 δ
569 2447 587 2473 '
627 2449 931 2540 εὐπρεπῆ
961 2449 1045 2538 δὴ
1073 2450 1319 2538 κόσμος
1347 2454 1422 2519 ἐν
1446 2466 1666 2539 χοροῖς
1693 2450 1921 2537 μόνον,

412 2549 581 2641 ἔρρ’,
616 2549 821 2622 οὐδὲν
852 2551 1046 2633 είδῶς
1074 2542 1173 2621 ῶν
1197 2553 1599 2640 ἐφευρεθεὶς
1625 2552 1847 2642 χρόνῳ

408 2660 608 2743 δίκην
639 2656 956 2735 δέδωκας.
988 2649 1155 2723 ὥστε
1209 2683 1309 2735 τις
1336 2661 1709 2741 κακοῦργος
1736 2648 1834 2722 ῶν

408 2756 499 2844 μή
526 2784 672 2845 μοι,
706 2754 779 2827 τὸ
809 2764 1077 2847 πρῶτον
1103 2754 1268 2845 βῆμ’
1301 2753 1420 2826 ἐὰν
1449 2756 1669 2846 δράμῃ
1698 2762 1937 2841 καλῶς,ι

407 2864 609 2928 νικᾶν
636 2865 915 2928 δοκείτω
945 2857 1069 2946 τὴν
1102 2864 1336 2947 δίκην,
1367 2860 1530 2947 πρὶν
1561 2854 1646 2927 ἂν
1671 2861 1855 2938 τέλος
2089 2877 2185 2925 οἰῶ

409 2968 716 3050 γραμμῆς
748 2966 969 3049 ἵκηται
999 2962 1113 3029 καὶ
1148 2958 1336 3039 τέλος
1372 2959 1601 3049 κάμψῃ
1628 2967 1805 3048 βίου.

407 3065 649 3147 ἔπραξε
676 3064 900 3151 δεινά,
933 3061 1123 3133 δεινὰ
1158 3058 1222 3131 δ’
1258 3058 1593 3131 ἀντέδωκε
1621 3065 1732 3131 σοὶ

414 3165 527 3232 καὶ
555 3162 739 3256 τῷδ’·
774 3171 906 3252 ἔχει
935 3163 1063 3255 γὰρ
1094 3160 1138 3251 ἡ
1161 3171 1342 3252 Δίκη
1371 3165 1540 3252 μέγα
1567 3166 1832 3245 σθένος.

407 3264 576 3334 εἷεν·
607 3274 900 3353 κομίζειν
926 3272 1129 3336 τοῦδε
1157 3265 1329 3353 σῶμ’
1364 3275 1520 3335 εἴσω
1549 3264 1769 3357 χρεῶν

411 3366 628 3460 σκότῳ
656 3397 727 3438 τε
754 3373 1030 3456 δοῦναι,
1062 3375 1314 3457 δμῶες,
1347 3364 1436 3449 ῶς
1463 3365 1627 3440 ὅταν
1655 3368 1826 3457 μόλῃ
2089 3381 2185 3433 ῡῆυ

408 3470 659 3560 μήτηρ,
688 3479 951 3561 σφαγῆς
978 3470 1270 3562 πάροιθε
1298 3469 1388 3559 μὴ
1419 3476 1638 3560 εἰσίδῃ
1664 3466 1929 3555 νεκρόν.
