2492 3900
309 136 434 199 438
1071 140 1108 197 Ι
1109 138 1236 196 Im
1244 138 1357 195 ΟΛ
1364 138 1583 196 ΥΓΟΣ

311 319 376 379 Χ
379 318 452 377 Ο.
535 310 795 396 μέλλεις
825 306 899 375 δὲ
928 306 1011 393 δή
1037 334 1100 375 τι
1134 310 1305 394 δρᾶν
1332 303 1702 393 ἀνήκεστον
1730 310 1977 393 κακόνς

312 418 492 479 ΦΑΙ.
532 420 804 478 θανεῖν·
835 406 1017 488 ὅπως
1045 411 1153 494 δέ,
1182 405 1367 476 τοῦτ’
1402 406 1531 496 ἐγώ
1561 410 2039 499 βουλεύσομαι.

311 521 453 583 XO.
539 508 839 600 εὔφημος
873 520 1040 579 ἴσθι.

311 623 496 685 ΦΛῙ.
1052 613 1164 681 καὶ
1191 612 1279 680 σύ
1306 609 1371 699 γ’
1407 605 1485 681 εὖ
1510 638 1593 699 με
1622 616 1956 683 νουθέτει.

543 714 672 802 ἐγὼ
703 715 780 784 δὲ
805 714 1115 802 Κύπριν,
1145 711 1315 801 ἥπερ
1348 713 1659 795 ἐξόλλυσί
1690 742 1793 802 με,

539 824 756 904 ψυχῆς
782 814 1287 903 ἀπαλλαχθεῖσα
1314 812 1464 905 τῇδ’
1496 818 1572 884 ἐν
1592 812 1815 908 ’ἡμέρᾳ

539 922 794 1006 τέρψω·
823 926 1070 1008 πικροῦ
1097 916 1164 987 δ’
1198 924 1441 1006 ἔρωτος
1472 914 1961 1008 ἡσσηθήσομαι.

540 1019 706 1109 ἀτὰρ
740 1020 949 1091 κακόν
975 1046 1052 1107 γε
1077 1016 1333 1111 χάτέρῳ
1360 1019 1722 1107 γενήσομαι

541 1119 860 1209 θανοῦσ’,
890 1119 980 1191 ἵν’
1017 1127 1164 1210 εἰδῇ
1190 1119 1280 1209 μὴ
1303 1119 1405 1190 ’πὶ
1436 1136 1573 1201 τοῖς
1602 1124 1783 1209 ἐμοῖς
1810 1140 2039 1204 κακοῖς

542 1221 799 1311 ὑψηλὸς
827 1224 1029 1295 εἶναι·
1057 1230 1174 1311 τῆς
1201 1224 1410 1293 νόσου
1440 1224 1517 1292 δὲ
1550 1227 1754 1311 τῆσδέ
1776 1254 1887 1312 μοι

542 1333 735 1415 κοινῇ
768 1324 1114 1415 μετασχὼν
1141 1340 1527 1413 σωφρονεῖν
1556 1326 1949 1413 μαθήσεται.

319 1435 456 1498 ΧΟ.
536 1425 874 1515 ἠλιβάτοις
903 1424 1036 1497 ὑπὸ
1063 1434 1413 1517 κευθμῶσι
1442 1434 1783 1515 γενοίμαν,

540 1534 653 1598 ἵνα
681 1554 762 1615 με
796 1535 1216 1617 πτεροῦσσαν
1246 1527 1441 1619 ὄρνιν

541 1628 704 1711 θεὸς
733 1632 863 1699 εἰνὶ
892 1647 1210 1711 ποταναῖς
1236 1629 1505 1719 ἀγέλαις
1533 1639 1711 1719 θείη.

543 1732 834 1822 ἀρθείην
857 1729 929 1801 δ’
966 1734 1074 1803 ἐπὶ
1103 1734 1379 1802 πόντιον

541 1842 720 1922 κῦμα
749 1842 862 1915 τᾶς
891 1832 1243 1923 Ἀδριηνᾶς

541 1934 741 2019 ἀκτᾶς
769 1934 1132 2026 Ἠριδανοῦ
1164 1934 1237 2006 θ’
1272 1934 1493 2027 ὕδωρ·

543 2047 714 2108 ἔνθα
743 2040 1134 2128 πορφύρεον
1167 2038 1606 2110 σταλάσσουσ’

543 2147 636 2221 εἰς
664 2141 861 2228 οἶδμα
891 2141 1138 2229 πατρὸς
1169 2140 1475 2212 τάλαιναι

542 2243 736 2331 κόραι
765 2248 1152 2323 Φαέθοντος
1181 2255 1381 2336 οἴκτῳ
1412 2246 1729 2334 δακρύων

542 2343 657 2424 τὰς
691 2340 1173 2434 ἠλεκτροφαεῖς
1202 2343 1436 2434 αὐγάς.

536 2443 946 2535 Ἑσπερίδων
974 2443 1039 2516 δ’
1074 2449 1182 2517 ἐπὶ
1206 2448 1635 2536 μηλόσπορον
1664 2446 1873 2518 ἀκτὰν

542 2545 864 2637 ἀνύσαιμι
891 2555 1014 2618 τᾶν
1047 2545 1320 2637 ἀοιδῶν,

543 2648 635 2719 ἵν’
669 2647 704 2718 ὃ
735 2652 1167 2739 ποντομέδων
1197 2656 1589 2741 πορφυρέας
1618 2661 1852 2742 λίμνας

540 2751 819 2832 ναύταις
849 2749 1087 2822 οὐκέθ’
1125 2749 1289 2823 ὁδὸν
1312 2758 1522 2842 νέμει,

542 2851 792 2940 σεμνὸν
816 2856 1108 2942 τέρμονα
1134 2863 1353 2926 ναίων

542 2952 878 3044 ούρανοῦ,
910 2955 1030 3025 τὸν
1047 2953 1290 3040 ’Ἄτλας
1323 2966 1475 3046 ἔχει,

535 3064 788 3145 κρῆναί
807 3055 868 3128 τ’
902 3056 1263 3149 ἀμβρόσιαι
1290 3064 1550 3149 χέονται

539 3158 756 3238 Ζανὸς
781 3161 1144 3250 μελάθρων
1170 3171 1517 3252 παροίκοις
1534 3217 1555 3252 ,

536 3258 628 3328 ἵν’
665 3258 708 3327 ἆ
749 3263 1076 3349 βιόδωρος
1109 3261 1302 3346 αὔξει
1330 3268 1536 3350 ζαθέα

539 3357 729 3445 χθών
760 3358 1205 3448 εὐδαιμονίαν
1235 3375 1441 3446 θεοῖς.

940 3477 1041 3532 732
1059 3505 1132 3514 -
1151 3479 1248 3534 741
1286 3498 1368 3524 Ξ
1396 3483 1497 3536 742
1516 3509 1581 3520 --·
1608 3481 1703 3537 751

2228 1244 2328 1299 730

2064 1454 2210 1519 στρ.

2233 1757 2265 1812 7
2268 1758 2329 1810 35

2232 2263 2333 2318 740

2083 2449 2231 2522 ἀντ.

2231 2773 2333 2828 745

2232 3279 2337 3336 750
