2492 3900
305 157 433 223 236
1152 161 1452 222 ΕΛΕΝΗ

309 335 573 399 ΘΕΟΚ.
602 326 943 415 σύγγονον
976 342 1248 397 κτανεῖν
1263 332 1626 498 ὲκακίτστην,
1656 333 1800 396 ΧΟ.
1835 324 2320 422 εὐσεβεστάτην

1296 455 1338 496 ν
1363 455 1512 496 ουν.

308 539 573 602 ΘΕΟΚ.
602 525 647 618 ἦ
673 557 755 618 με
782 529 1181 620 προύδωκεν
1210 457 1354 598 510.
1397 529 1610 617 καλήν
1647 557 1726 617 γε
1762 537 2169 622 προδοσίαν,
2213 544 2320 606 δί-

1222 659 1380 700 καια
1407 636 1600 720 δρᾶν.

308 742 573 804 ΘΕΟΚ.
602 730 774 821 τάμά
801 729 1024 823 λέκτρ’
1056 730 1237 825 ἄλλῳ
1270 738 1574 802 διδοῦσα.
1619 741 1764 802 ΧΟ.
1794 747 1932 814 τοῖς
1957 763 2040 822 γε
2063 764 2319 826 κυριω-

1224 861 1296 903 τε
1343 862 1406 902 οι
1446 888 1463 903 .

309 945 572 1008 ΘΕΟΚ.
601 936 834 1026 κύριος
867 936 944 1006 δὲ
982 943 1119 1005 τῶν
1146 863 1338 1024 ἐμῶῖ
1353 863 1487 1018 taz-3
1529 943 1672 1004 ΧΟ.
1702 931 1776 1016 ὃς
1804 941 2044 1026 ἔλαβεν
2071 942 2318 1032 πατρὸς

1222 1036 1422 1128 πάρα.
2189 1059 2323 1114 1635

308 1148 572 1210 ΘΕΟΚ.
604 1138 751 1210 ἀλλ’
784 1147 1036 1210 ἔδωκεν
1062 1136 1105 1228 ἡ
1132 1139 1298 1226 τύχη
1325 1167 1458 1228 μοι.
1490 1145 1634 1208 ΧΟ.
1663 1135 1738 1208 τὸ
1768 1139 1844 1208 δὲ
1871 1139 2090 1231 χρεῶν
2119 1139 2322 1231 ἀφεί-

1223 1251 1394 1310 λετο.

310 1351 573 1413 (wolf.
604 1341 687 1413 οὐ
745 1345 821 1413 σὲ
872 1341 1045 1432 τᾶμά
1095 1341 1220 1435 χρὴ
1279 1342 1590 1426 δικάζειν.
1649 1349 1792 1411 ΧΟ.
1831 1339 1919 1430 ἦν
1957 1371 2037 1431 γε
2075 1353 2323 1434 βελτίω

1222 1447 1416 1533 λέγω.

310 1553 573 1616 ΘΕΟΚ.
605 1543 970 1634 ἀρχόμεσθ’
1006 1543 1140 1636 ἄρ’,
1187 1543 1271 1615 οὐ
1303 1552 1700 1635 κρατοῦμεν.
1742 1554 1885 1615 ΧΟ.
1929 1543 2080 1617 ὅσια
2121 1554 2320 1639 δρᾶν,

1215 1647 1296 1717 τὰ
1324 1645 1388 1719 δ’
1423 1645 1634 1718 ἔκδικ’
1667 1643 1771 1717 οῦ.

310 1757 573 1820 ΘΕΟΚ.
605 1762 973 1821 κατθανεῖν
1014 1753 1176 1840 ἐρᾶν
1217 1757 1457 1832 ἔοικας.
1501 1759 1645 1821 ΧΟ.
1683 1764 1932 1819 κτεῖνε·
1976 1752 2322 1840 σύγγονον

1218 1853 1294 1922 δὲ
1322 1851 1450 1941 σὴν

540 1953 622 2026 οὗ
650 1972 905 2038 κτενεῖς
932 1953 1123 2046 ἡμῶν
1144 1958 1461 2047 ἑκόντων,
1487 1956 1622 2029 ἀλλ’
1641 1956 1758 2046 ἔμ’·
1797 1957 1888 2039 ῶς
1909 1960 2040 2048 πρὸ
2069 1961 2322 2026 δεσπο-

1224 2066 1361 2128 τῶν
2180 2074 2324 2129 1640

537 2174 708 2229 τοῖσι
742 2167 1113 2248 γενναίοισι
1143 2162 1416 2242 δούλοις
1446 2157 1922 2231 εὐκλεέστατον
1947 2171 2211 2229 θανεῖν.

310 2268 429 2328 ΔΙ.
537 2264 799 2348 ἐπίσχες
824 2258 1029 2351 ὀργὰς
1055 2258 1239 2332 αἷσιν
1268 2260 1394 2332 οὐκ
1422 2260 1652 2354 ὀρθῶς
1679 2266 1894 2354 φέρει,

542 2361 995 2451 Θεοκλύμενε,
1028 2370 1223 2449 γαίας
1258 2368 1454 2453 τῆσδ’
1494 2369 1692 2453 ἅναξ·
1735 2371 1951 2439 δισσοὶ
1987 2369 2067 2440 δέ
2103 2392 2180 2440 σε

536 2461 903 2554 Διόσκοροι
930 2472 1300 2554 καλοῦμεν,
1330 2463 1447 2545 οὓς
1472 2465 1664 2554 Λήδα
1691 2464 1852 2536 ποτὲ

482 2630 489 2637 .
542 2573 798 2637 ἔτικτεν
822 2563 1096 2656 Ἑλένην
1122 2565 1226 2655 θ’,
1259 2564 1304 2655 ἢ
1331 2570 1630 2655 πέφευγε
1662 2567 1824 2649 σοὺς
1853 2565 2132 2655 δόμους·
2183 2582 2325 2638 1645

538 2665 619 2737 οὐ
650 2667 779 2756 γὰρ
808 2673 1346 2759 πεπρωμένοισιν
1377 2666 1624 2759 ὄργίζει
1652 2670 1907 2759 γάμοις,

540 2766 693 2838 οὐδ’
724 2766 767 2857 ἡ
794 2778 961 2850 θεᾶς
986 2778 1309 2861 Νηρῇδος
1337 2778 1612 2859 ἔκγονος
1639 2772 1808 2863 κόρη

540 2865 766 2938 ἀδικεῖ
786 2867 853 2938 σ’
890 2868 1150 2960 ἀδελφὴ
1182 2874 1437 2961 Θεονόη
1466 2871 1547 2942 τὰ
1572 2880 1710 2943 τῶν
1736 2880 1923 2943 θεῶν

538 2977 792 3059 τιμῶσα
817 2972 1062 3061 πατρός
1088 2971 1150 3043 τ’
1180 2978 1492 3056 ἐνδίκους
1520 2975 1884 3054 ἐπιστολάς.

541 3079 635 3152 εἰς
659 3072 784 3160 μὲν
812 3071 938 3164 γὰρ
969 3072 1074 3145 ἀεὶ
1099 3075 1219 3147 τὸν
1245 3078 1544 3168 παρόντα
1569 3084 1703 3146 νῦν
1729 3074 1976 3166 χρόνον
2187 3091 2329 3146 1650

538 3182 773 3263 κείνην
798 3194 1136 3247 κατοικεῖν
1162 3194 1381 3249 σοῖσιν
1408 3183 1484 3248 ἐν
1515 3179 1746 3266 δόμοις
1775 3182 1976 3265 ἐχρῆν
1994 3199 2008 3212 ·

537 3277 681 3345 ἐπεὶ
710 3278 787 3347 δὲ
821 3286 1062 3363 Τροίας
1087 3281 1495 3368 ἐξανεστάθη
1522 3280 1772 3370 βάθρα,

535 3380 647 3446 καὶ
674 3394 812 3459 τοῖς
837 3392 1024 3462 θεοῖς
1053 3384 1338 3471 παρέσχε
1363 3378 1665 3469 τοῦνομ’,
1693 3378 1951 3451 οὐκέτι·

536 3481 611 3546 ἐν
664 3494 877 3549 τοῖσιν
932 3477 1138 3568 αὐτῆς
1169 3487 1279 3551 δεῖ
1299 3511 1412 3551 νιν
1440 3486 1748 3570 ἐζεῦχθαι
1777 3482 2013 3571 γάμοις
