2492 3900
993 144 1307 203 BAKXAI
2036 148 2153 211 113

380 312 516 404 ὁρῶ
547 314 624 384 δὲ
650 313 934 393 θιάσους
952 326 1137 407 ,τρεῖς
1169 319 1577 398 γυναικείων
1602 321 1841 403 χορῶν,
2053 337 2156 391 680

379 408 480 484 ὦν
505 407 644 505 ἦρχ’
680 412 829 495 ἑνὸς
857 415 980 502 μὲν
1005 409 1352 500 Αὐτονόη,
1382 420 1503 482 τοῦ
1533 418 1855 505 δευτέρου

381 518 595 607 μήτηρ
618 513 865 604 Ἀγαύη
896 515 1011 603 σή,
1043 521 1270 604 τρίτου
1298 510 1365 583 δ’
1393 511 1533 584 Ἰνω
1562 524 1790 606 χοροῦ.

379 611 590 706 ηὗδον
619 618 694 688 δὲ
722 624 926 687 πᾶσαι
953 616 1265 704 σώμασιν
1290 620 1705 706 παρειμέναι,

383 716 453 789 οἷὶ
478 720 603 806 μὲν
629 718 797 809 πρὸς
829 720 1060 807 ἐλάτης
1085 714 1236 787 νῶτ’
1268 722 1605 808 ἐρείσασαι
1634 721 1879 809 φόβην,

383 818 454 890 αἲ
483 818 548 891 δ’
581 825 656 889 ἐν
684 819 890 911 δρυὸς
918 819 1233 909 φύλλοισι
1271 818 1439 910 πρὸς
1466 824 1649 913 πέδῳ
1677 822 1849 913 κάρα
2054 843 2156 897 685

383 930 527 1013 εἰκῇ
554 929 882 1010 βαλοῦσαι
909 921 1317 1013 σωφρόνως,
1346 918 1471 1009 οὐχ
1500 920 1589 1002 ὥς
1614 923 1699 992 σύ
1732 924 1864 1013 φὴς

387 1024 740 1114 ᾠνωμένας
776 1032 1059 1114 κρατῆρι
1085 1026 1198 1092 καὶ
1227 1030 1448 1092 λωτοῦ
1480 1025 1683 1115 ψόφῳ

386 1132 612 1217 θηρᾶν
644 1121 797 1195 καθ’
829 1122 1004 1214 ὕλην
1030 1124 1309 1215 Κύπριν
1344 1124 1795 1213 ἠνεμωμένας.

383 1225 424 1314 ἡ
455 1226 538 1316 σὴ
565 1229 640 1297 δὲ
666 1228 879 1318 μήτηρ
909 1225 1244 1308 ὠλόλυξεν
1272 1230 1345 1295 ἐν
1373 1229 1604 1313 μέσαις

383 1340 707 1399 σταθεῖσα
730 1329 1048 1416 Βάκχαις,
1081 1333 1144 1412 ἐξ
1173 1324 1398 1397 ὕπνου
1425 1343 1642 1397 κινεῖν
1669 1332 1891 1418 δέμας,
2052 1350 2157 1404 690

383 1426 722 1517 μυκήμαθ’
755 1426 843 1510 ὥς
869 1428 1117 1519 ἤκουσε
1153 1429 1549 1519 κεροφόρων
1577 1437 1781 1518 βοῶν.

380 1527 450 1600 αἳ
479 1528 544 1600 δ’
579 1526 1038 1619 ἀποβαλοῦσαι
1066 1528 1367 1621 θαλερὸν
1397 1527 1713 1620 ὀμμάτων
1740 1530 1961 1603 ὕπνον

381 1629 635 1721 ἀνῇξαν
663 1630 900 1722 ὀρθαί,
932 1630 1136 1721 θαῦμ’
1171 1639 1345 1703 ἰδεῖν
1374 1630 1753 1721 εύκοσμιάς,

382 1736 528 1804 νέαι
556 1737 830 1804 παλαιαὶ
858 1739 1194 1825 παρθένοι
1224 1731 1275 1803 τ’
1315 1732 1396 1803 ἔτ’
1430 1730 1683 1822 ἄζυγες.

385 1836 498 1903 καὶ
525 1844 756 1925 πρῶτα
783 1835 908 1924 μὲν
936 1847 1266 1905 καθεῖσαν
1295 1843 1388 1916 είς
1418 1832 1639 1923 ὤμους
1667 1837 1873 1924 κόμας
2050 1855 2152 1909 695

363 1934 699 2026 Ινεβρίδας
726 1933 774 2004 τ’
808 1932 1265 2006 ἀνεστείλανθ’
1300 1932 1563 2006 ὅσαισιν
1591 1935 1910 2025 ἀμμάτων

380 2035 692 2126 σύνδεσμ’
725 2041 1026 2127 ἐλέλυτο,
1056 2042 1169 2108 καὶ
1196 2046 1672 2119 καταστίκτους
1700 2038 1903 2128 δορὰς

378 2137 576 2226 ὄφεσι
611 2141 1060 2224 κατεζώσαντο
1089 2147 1410 2228 λιχμῶσιν
1437 2141 1662 2226 γένυν.

381 2236 451 2308 αἳ
479 2237 545 2309 δ’
581 2237 934 2327 ἀγκάλαισι
964 2239 1239 2332 δορκάδ’
1273 2238 1317 2330 ἦ
1350 2242 1690 2329 σκύμνους
1718 2242 1946 2312 λύκων

357 2338 660 2428 -ἀγρίους
689 2335 960 2430 ἔχουσαι
989 2342 1235 2413 λευκὸν
1266 2347 1579 2412 ἐδίδοσαν
1608 2342 1799 2430 γάλα,
2048 2361 2151 2417 700

382 2439 567 2522 ὅσαις
595 2445 929 2524 νεοτόκοις
953 2443 1198 2532 μαστὸς
1225 2436 1313 2532 ἦν
1340 2450 1661 2534 σπαργῶν
1690 2451 1784 2512 ἔτι

380 2547 600 2632 βρέφη
628 2547 1007 2625 λιπούσαις·
1042 2548 1151 2616 ἐπὶ
1179 2542 1242 2613 δ’
1283 2552 1519 2614 ἔθεντο
1548 2551 1893 2626 κισσίνους

382 2645 759 2732 στεφάνους
791 2647 997 2738 δρυός
1023 2675 1094 2716 τε
1123 2645 1400 2734 μίλακός
1428 2643 1476 2713 τ’
1510 2641 1971 2735 ἀνθεσφόρου.

379 2746 643 2834 θύρσον
673 2751 752 2817 δέ
773 2776 870 2828 τις
896 2746 1178 2836 λαβοῦσ’
1219 2754 1493 2817 ἔπαισεν
1523 2753 1616 2826 εἰς
1643 2748 1914 2836 πέτραν,

381 2843 551 2940 ὅθεν
579 2849 922 2938 δροσώδης
949 2845 1194 2929 ὕδατος
1225 2853 1481 2940 ἐκπηδᾷ
1508 2857 1689 2936 νοτίς
1705 2871 1719 2884 ·
2046 2867 2145 2922 705

383 2944 551 3036 άλλη
579 2949 656 3017 δὲ
680 2947 960 3038 νάρθηκ’
995 2959 1088 3032 είς
1115 2953 1322 3022 πέδον
1349 2957 1609 3040 καθῆκε
1640 2957 1781 3038 γῆς,

379 3051 491 3118 καὶ
518 3056 679 3139 τῇδε
706 3050 965 3140 κρήνην
991 3051 1242 3141 ἐξανῆκ’
1272 3063 1465 3122 οἴνου
1492 3052 1654 3132 θεός
1670 3075 1683 3088 ·

292 3195 294 3197 >
376 3147 562 3232 ὅσαις
590 3152 667 3221 δὲ
693 3162 942 3223 λευκοῦ
973 3156 1278 3241 πώματος
1308 3154 1523 3235 πόθος
1549 3160 1792 3244 παρῆν,

377 3248 642 3342 ἄκροισι
675 3255 1064 3326 δακτύλοισι
1093 3263 1425 3343 διαμῶσαι
1451 3256 1669 3343 χθόνα

372 3353 699 3440 γάλακτος
728 3355 970 3446 ἑσμοὺς
997 3357 1173 3446 εἶχον
1190 3381 1203 3394 ·
1242 3362 1316 3427 ἐκ
1347 3359 1421 3428 δὲ
1450 3365 1770 3426 κισσίνων
2042 3371 2145 3426 710

375 3454 658 3544 θύρσων
685 3467 993 3545 γλυκεῖαι
1019 3461 1282 3548 μέλιτος
1310 3467 1577 3544 ἔσταζον
1604 3463 1773 3548 ῥοαί.

217 3570 403 3610 svam.
429 3573 551 3613 vos..
584 3560 624 3614 Ι.
1771 3553 1813 3616 8
