2492 3900
647 119 892 170 ΓΕΝΟΣ
927 119 1349 171 ΕΥΡΙΠΙΔΟΥ
1378 106 1513 172 ’ΚΑΙ
1548 119 1725 172 ΒῙοΣ
2100 121 2177 170 1x

186 275 256 350 A,
307 269 412 332 καὶ
442 261 770 351 Σώκράτου
801 272 882 348 Β,
925 263 977 354 ᾦ
1004 269 1104 331 καὶ
1133 269 1459 352 Σωκράτης
1504 271 1668 348 Diog.
1714 269 1777 331 L.
1830 273 1885 338 2,
1935 273 2034 332 18.
2109 268 2177 330 τὰ

187 355 481 436 φρύγανα
527 375 645 416 om.
678 360 744 416 A.
824 357 902 416 15
949 353 1099 432 φασὶ
1137 358 1592 434 Κηφισοφῶντα
1632 354 1924 416 Welcker.
2003 357 2177 431 Τιμο-

187 437 445 519 κράτην]
481 458 558 500 an
595 437 1024 520 Δημοκράτηνῗ
1070 439 1198 500 vide
1231 457 1382 519 quae
1425 441 1582 501 infra
1614 440 1886 500 dicentur
1929 457 1986 518 p.
2022 438 2178 499 xvu

186 535 316 585 not.
410 527 491 582 24
547 519 688 602 μάλ’
738 517 808 583 εὖ
867 521 1112 603 ἐίτραττε
1170 523 1506 586 Elmsleius.
1582 521 1701 604 ὅτε]
1746 521 1897 583 ὥστε
1955 523 2177 583 malim.

189 612 272 669 26
321 606 501 686 ἔγημε
531 609 898 686 scripserim.
973 611 1073 670 26.
1107 611 1186 670 27
1231 605 1473 688 πρώτην
1502 605 1769 685 Memno,
1800 603 2083 686 δευτέραν
2112 603 2185 666 δὲ

187 689 512 772 Χοιρίνην]
559 689 805 772 πρώτην
845 691 1136 770 Χοιρίλην
1179 691 1455 770 (debebat
1497 691 1845 772 Χοιρίνην),
1896 687 2185 770 δευτέραν

189 772 260 834 δὲ
333 773 582 835 Maketai
662 775 1048 838 scribendum
1118 779 1377 838 coniecit
1454 777 1819 845 DindorfluS,
1886 775 1962 836 ef.
2028 791 2181 852 quae

187 859 570 920 Fritzsehius
613 855 678 920 in
709 860 1006 938 Aristoph.
1054 861 1293 922 Thesm.
1342 881 1399 940 p.
1436 865 1557 922 110
1602 861 1767 921 dixit.
1844 863 1922 920 27
1970 857 2179 937 Χοιρί-

188 948 304 1021 λην
336 945 417 1016 A,
460 941 753 1022 Χοιρίνην
781 945 850 1005 B'.
897 944 1375 1024 Μνησταρχίδην
1401 947 1467 1007 Α.
1504 947 1581 1006 28
1608 941 1719 1022 μὲν
1747 941 2005 1024 πρῶτον]
2037 964 2182 1022 πρε-

190 1027 490 1106 σβύτερον
515 1030 596 1105 A,
639 1024 750 1105 μὲν
788 1027 1187 1108 πρεσβύτερον
1216 1029 1337 1090 alii.
1412 1031 1491 1090 29
1538 1027 1816 1107 νεώτερος
1846 1027 1925 1104 Β,
1964 1026 2181 1087 νεώτε-

191 1132 300 1190 ρον
334 1114 546 1180 eeteri‚
591 1106 889 1171 νεώτατον
917 1112 1150 1193 scripsi.
1226 1117 1310 1175 30
1352 1110 1500 1172 κατὰ
1546 1131 1662 1172 om.
1695 1112 1809 1172 ΑΒ.
1875 1115 1953 1172 31
2000 1111 2180 1172 verba

190 1195 308 1256 ἔτει
325 1193 562 1277 πρώτῳ,
585 1213 734 1274 quae
753 1205 887 1274 post
903 1193 1206 1268 Πελιάδας
1242 1199 1321 1258 32
1347 1195 1715 1274 legebantur,
1740 1195 1857 1257 huc
1882 1198 2179 1256 revocavit

191 1279 541 1340 ElmsleiuS.
616 1282 696 1340 33
738 1277 872 1360 Ῠβ’]
919 1281 998 1358 Ῠη
1042 1280 1107 1341 Β.
1196 1284 1276 1342 37
1325 1278 1392 1340 ἐν
1424 1275 1785 1360 Ἀθήνησιν]
1845 1276 1913 1339 ἐν
1964 1279 2181 1339 melius

193 1363 414 1424 aberit.
483 1365 580 1422 44-
609 1361 712 1422 καὶ
755 1362 1072 1426 delendum
1117 1367 1408 1442 suspicor.
1475 1367 1555 1426 47
1600 1373 1864 1444 προγῶνι
1892 1363 1961 1441 Β,
1991 1358 2187 1442 ἀγῶνι

191 1445 626 1526 Rossignolius.
671 1447 923 1509 fortasse
966 1447 1331 1528 biographus
1360 1451 1717 1528 Προαγῶνα,
1762 1465 1911 1528 quae
1942 1465 2180 1508 comoe-

195 1531 293 1592 dia
341 1533 454 1592 fuit
481 1530 916 1611 AristophaniS,
962 1549 1072 1610 pro
1117 1531 1448 1613 Sophoclea
1494 1534 1814 1594 venditavit
1857 1532 2177 1610 tragoedia.

197 1621 276 1676 65
332 1611 805 1696 Ἀριστοφάνης]
877 1615 1178 1695 discrepat
1241 1615 1472 1678 Gellius
1536 1617 1605 1678 N.
1650 1619 1716 1677 A.
1766 1618 1874 1686 15,
1934 1619 2045 1685 20,
2107 1619 2179 1676 8:

196 1701 557 1761 Alexander
611 1709 809 1760 autem
853 1701 1098 1762 Aetolus
1150 1703 1260 1764 hos
1302 1703 1381 1763 de
1421 1703 1721 1778 Euripide
1772 1717 1978 1762 versus
2024 1716 2175 1762 com-

191 1787 424 1861 posuit:
1551 1785 1557 1792 '

279 1863 313 1928 ὁ
358 1863 420 1926 δ’
459 1862 862 1949 Ἀναξαγόρου
894 1861 1172 1948 τρόφιμος
1215 1877 1391 1947 χαιοῦ·
1430 1859 1725 1949 στρυφνὸς
1765 1867 1876 1946 μὲν
1905 1866 2097 1945 ἔμοιγε

1434 1972 1481 2013 π
1522 1958 1780 2013 οσειπεΐν

281 2034 385 2096 καὶ
415 2034 732 2115 μισόγελως
763 2036 868 2097 καὶ
894 2036 1188 2111 τωθάζειν
1216 2032 1359 2111 οὐδὲ
1397 1976 1538 2116 στάξ’
1574 2030 1741 2097 οἶνον
1768 2032 2159 2115 μεμαθηκώς,

279 2115 404 2179 ἀλλ’
438 2116 530 2180 ὅτι
556 2118 788 2200 γράψαι
818 2118 978 2181 τοῦτ’
1013 2118 1092 2183 ὄὶν
1119 2119 1347 2200 μέλιτος
1376 2120 1478 2181 καὶ
1507 2120 1823 2202 Σειρήνων
1854 2118 2154 2197 ἕτετεύχει.

196 2222 313 2265 nee
372 2204 552 2265 fldem
599 2206 790 2267 Gellio
834 2206 1203 2284 denegarunt
1256 2206 1525 2269 homines
1568 2207 1756 2276 docti,
1804 2224 1852 2265 v,
1898 2204 2185 2265 Meinekii

194 2289 368 2349 Anal.
419 2288 580 2349 Alex.
625 2308 685 2369 p.
721 2292 861 2350 247.
924 2308 1032 2368 ego
1076 2308 1194 2351 non
1240 2290 1446 2352 dubito
1492 2294 1637 2371 quin
1682 2300 1803 2351 tres
1847 2290 2181 2350 tetrametri

195 2375 570 2451 anapaestiei
623 2374 1035 2453 Aristophanis
1091 2378 1228 2437 sint.
1308 2375 1533 2437 Gellius
1574 2393 1719 2436 usus
1764 2383 1853 2435 est
1896 2372 2008 2433 hae
2053 2375 2185 2451 ipsa

196 2474 354 2535 quae
417 2455 590 2516 nobis
642 2460 708 2518 in
753 2460 1026 2520 manibus
1082 2466 1173 2521 est
1215 2460 1365 2529 vita,
1422 2478 1615 2539 neque
1670 2457 1810 2519 inde
1856 2456 2011 2534 quod
2057 2456 2185 2535 ple-

195 2542 376 2601 niora
425 2540 594 2601 affert
645 2551 854 2620 poetae
901 2543 1084 2605 verba
1131 2544 1403 2623 sequitur
1448 2552 1516 2603 ut
1544 2543 1632 2603 de
1688 2544 1927 2601 nomine
1974 2548 2187 2617 poetae

194 2642 346 2705 prae
396 2624 582 2685 altero
613 2633 766 2685 teste
807 2627 924 2687 fide
949 2626 1164 2703 dignus
1199 2630 1296 2687 sit.
1359 2625 1534 2687 facile
1580 2631 1776 2687 autem
1808 2640 1980 2684 error
2011 2620 2186 2683 Gellii

199 2708 496 2788 explicari
539 2718 751 2789 potest,
797 2710 902 2770 ubi
943 2710 1279 2771 Alexandro
1321 2710 1525 2771 Aetolo
1568 2710 2023 2771 meminerimus
2066 2715 2187 2766 tra-

200 2792 556 2869 goediarum
604 2793 1052 2873 dispositionem
1098 2814 1130 2855 a
1174 2795 1514 2856 Ptolemaeo
1557 2792 1944 2873 Philadelpho
2002 2792 2188 2851 fuisse

197 2875 564 2937 mandatam.
637 2894 758 2939 non
802 2882 1132 2955 composuit
1174 2878 1507 2939 Alexander
1552 2878 1794 2939 Aetolus
1850 2894 2057 2937 versus
2113 2874 2187 2935 de

199 2959 427 3039 quihus
469 2964 690 3038 agitur,
747 2962 850 3023 sed
897 2965 1197 3038 adposuit.
1292 2979 1370 3021 νε.
1424 2966 1455 3021 1
1502 2960 1786 3042 τρόφιμος
1840 2966 2013 3038 χαιοῠ
2055 2956 2187 3018 Val-

199 3045 522 3105 ckenarius
566 3062 676 3122 pro
719 3044 1005 3125 τρόφιμος
1033 3041 1314 3125 ἀρχαίου,
1370 3047 1525 3127 quod
1570 3048 1635 3107 in
1678 3044 1887 3126 τρόφις
1937 3038 2191 3123 άρχαιόυ

197 3134 395 3189 mutat
452 3128 765 3205 BergkiUS.
843 3148 924 3189 VS.
974 3132 1012 3191 3
1067 3128 1357 3210 γράψειεν
1410 3127 1579 3191 ἅπαν
1637 3128 1755 3209 (vel
1810 3127 2063 3211 γράψειε
2121 3122 2187 3185 τὸ

198 3216 350 3286 πᾶν)
379 3208 608 3289 μέλιτος
637 3212 741 3272 καὶ
770 3212 1084 3295 Σειρήνων
1114 3211 1463 3275 ἐπεπνεῦκει
1494 3214 1878 3276 scribendum
1902 3212 2182 3273 arbitror.

201 3300 282 3357 67
332 3294 652 3377 Χοιρίλην]
687 3297 980 3377 Χοιρίνην
1019 3298 1357 3376 legendum.
1434 3301 1513 3359 68
1556 3306 1792 3379 πρῶτον
1832 3297 2029 3377 δρᾶμα
2060 3288 2188 3375 τὸν]

201 3380 404 3459 δρᾶμα
434 3379 538 3441 τὸν
564 3378 850 3461 πρότερον
880 3382 1298 3452 Kirchhol'fiuS,
1346 3384 1513 3443 cuius
1544 3384 1619 3443 ef.
1668 3386 1864 3454 adnot.
1944 3382 2021 3437 71
2054 3393 2187 3452 sqq.

201 3462 502 3543 δύστηνος
533 3499 616 3510 -
647 3462 712 3525 δὲ
753 3462 857 3550 μή]
903 3486 953 3525 v.
1002 3467 1144 3529 Eur.
1188 3466 1275 3527 El.
1326 3469 1445 3527 923
1492 3482 1579 3545 sq.
1669 3468 1749 3525 83
1794 3458 1981 3521 αὐτοῦ
2024 3456 2188 3525 libri,
