2492 3900
384 238 434 288 L
557 237 657 286 DE
697 233 1090 288 CODICIBVS
1124 235 1551 288 EVRIPIDEIS
1588 237 1685 288 ET
1722 235 2202 288 EDITIONIBVS

387 391 648 449 iecturae
719 395 1018 448 auctorem
1089 387 1434 448 memoravi.
1534 405 1603 448 ao
1655 388 1943 467 siquando
1998 389 2149 449 mihi
2219 392 2379 450 acci·

388 474 566 540 derit,
616 472 770 548 quod
819 490 956 534 raro
1003 472 1294 534 accidisse
1324 471 1602 540 arbitror,
1647 481 1713 532 ut
1742 472 1965 533 alienas
1996 475 2377 534 coniecturas

386 564 665 634 tanquam
709 575 874 617 meas
901 558 1256 635 proferrem,
1302 573 1479 633 quam
1510 558 1729 617 invitus
1759 555 1891 618 aliis
1920 558 2036 617 feci
2066 559 2377 626 iniuriam,

387 660 514 702 eam
560 647 834 720 prompto
879 643 1079 702 animo
1124 648 1183 702 et
1227 639 1459 702 lubenti
1506 640 1779 719 expiabo.

513 724 660 786 Cum
726 724 866 784 inde
919 725 994 784 ab
1049 741 1102 784 a.
1165 728 1357 793 1857,
1427 741 1546 804 quo
1602 743 1757 784 anno
1820 724 2003 786 altera
2062 725 2375 804 Euripidis

387 809 573 871 editio
629 827 761 869 mea
817 808 1065 887 prodiit,
1123 810 1464 869 criticorum
1520 825 1699 887 opera
1755 809 2095 887 Euripideis
2150 809 2378 871 fabulis

385 912 506 954 non
553 895 808 954 deluerit
838 903 1014 973 atque
1057 911 1189 953 cuin
1221 895 1352 972 ipse
1398 911 1507 970 per
1536 891 1644 950 hos
1688 910 1875 952 annos
1908 896 2151 971 tragicis
2184 896 2372 954 Grae-

385 979 472 1039 cis
516 979 821 1039 assiduum
866 985 926 1036 et
969 979 1261 1038 intentum
1292 977 1551 1038 studium
1595 977 2017 1055 impenderim,
2066 977 2202 1038 fieri
2250 997 2373 1038 non

387 1066 582 1141 potuit
634 1064 777 1142 quin
831 1061 1108 1141 plurimis
1169 1060 1319 1122 locis
1373 1079 1405 1120 a
1462 1062 1707 1137 pristina
1778 1063 2067 1139 scriptura
2127 1065 2191 1121 in
2262 1062 2375 1123 hac

385 1151 563 1210 tertia
611 1149 870 1208 editione
915 1145 1308 1206 discederem.
1353 1141 1644 1221 gaudebo‘
1668 1144 1942 1221 equidem
1988 1147 2039 1204 si
2084 1146 2373 1206 emenda-

387 1235 572 1291 tiores
615 1239 676 1291 et
719 1232 1010 1308 genuinae
1066 1231 1295 1289 formae
1338 1229 1662 1289 similiores
1706 1231 1932 1306 egregii
1987 1237 2199 1306 poetae
2244 1236 2370 1290 tra-

386 1315 627 1392 goedias
671 1333 704 1375 a
749 1314 919 1374 nobis
975 1317 1312 1391 propositas
1356 1332 1487 1374 esse
1542 1313 1861 1374 iudicarint
1904 1314 2181 1374 homines
2230 1333 2371 1374 vere

385 1399 671 1478 philologi
727 1406 784 1458 et
840 1416 873 1458 a
927 1398 1128 1458 servili
1181 1399 1607 1476 superstitione
1674 1395 1874 1458 alieni.
1962 1405 2022 1458 at
2086 1397 2373 1458 omnibus

387 1484 620 1562 placere
667 1500 842 1542 nemo
885 1485 1132 1560 poterit,
1191 1501 1383 1560 neque
1427 1481 1691 1560 imperiti
1734 1481 1892 1558 vulgi
1949 1483 2215 1542 favorem
2263 1503 2369 1543 au·

385 1567 698 1647 cupabitur
742 1569 794 1626 is
837 1567 939 1645 qui
985 1568 1083 1626 uni
1127 1567 1426 1626 studuerit
1470 1567 1721 1626 veritati.

555 1700 900 1764 Scribebam
946 1699 1247 1782 Petropoli
1290 1719 1494 1762 mense
1542 1699 1856 1761 Decembri
1901 1718 1951 1761 a.
2004 1697 2191 1762 1870.
