2492 3900
150 321 296 381 ΟΡ.

146 423 310 482 HA.

151 524 296 584 ΟΡ.

147 622 313 685 HA.

156 727 298 786 ΟΡ.

150 827 311 887 HA.

156 929 295 989 ΟΡ.

161 1030 310 1090 HA.

159 1133 297 1192 ΟΡ.

158 1233 311 1294 HA.

162 1336 295 1396 ΟΡ.

165 1437 310 1498 HA.

163 1540 295 1600 ΟΡ.

161 1641 309 1702 HA.

166 1744 296 1803 ΟΡ.

165 1846 312 1905 ΗΛ.

168 1948 298 2007 ΟΡ.

167 2049 311 2109 HA.

169 2152 295 2211 ΟΡ.

171 2254 312 2314 ΗΛ.

170 2357 297 2415 ΟΡ.

168 2457 311 2517 ΗΛ.

174 2560 298 2619 ΟΡ.

136 2658 144 2665 ’
169 2661 311 2721 ΗΛ.

175 2764 299 2823 ΟΡ.

170 2865 311 2925 ΗΛ.

177 2968 298 3026 ΟΡ.

175 3170 311 3230 ΗΛ.

179 3274 298 3333 ΟΡ.

179 3374 309 3434 ΗΛ.

180 3477 296 3537 ΟΡ.

994 146 1386 203 ΗΛΕΚΤΡΑ
2051 146 2175 210 249

399 319 533 400 ἔχει
562 312 719 400 μέν,
749 310 1046 401 ἀσθενὴς
1073 315 1149 383 δὲ
1176 312 1261 402 δὴ
1293 315 1571 402 φεύγων
1599 313 1791 406 ἀνήρ.

394 414 597 503 λόγον
625 413 700 483 δὲ
728 413 812 502 δὴ
842 413 973 484 τίν’
1006 407 1215 503 ἦλθες
1242 419 1317 487 ἐκ
1344 423 1578 487 κείνου
1608 420 1872 508 φέρων·

399 523 462 584 εί
488 522 631 604 ζῇς,
664 542 837 586 οπου
872 544 944 586 τε
972 525 1145 601 ζωσα
1174 527 1529 610 συμφορᾶς
1559 527 1743 607 ἔχεις.

401 600 663 686 οὔκουν
690 613 853 709 ὁρᾷς
878 646 1012 706 μου
1045 627 1317 709 πρῶτον
1349 617 1437 702 ὥς
1465 619 1668 712 ξηρὸν
1697 626 1926 711 δέμαςς

402 719 644 799 λύπαις
672 747 748 806 γε
776 721 1210 809 συντετηκός,
1242 718 1411 792 ωστε
1442 751 1524 810 με
1551 726 1832 795 στένειν.
2072 742 2174 797 240

398 821 511 888 καὶ
538 827 748 910 κρᾶτα
776 822 1121 910 πλόκαμόν
1148 822 1209 891 τ’
1243 828 1738 948 ἐσκυθισμένον
1764 831 1966 952 ξυρῷ.

398 919 631 991 δάκνει
660 920 724 990 σ’
760 919 1121 1012 ἆδελφὸς“”
1081 952 1117 993 ο
1148 953 1217 995 τε
1245 925 1486 996 θανών
1513 938 1672 1008 ἴσως
1699 929 1935 1018 πατήρ.

397 1033 607 1112 οἴμοι,
637 1031 709 1092 τί
729 1024 857 1114 γάρ
886 1053 1000 1114 μοι
1026 1030 1263 1096 τῶνδέ
1252 1025 1339 1115 γ’
1375 1031 1512 1098 ἐστὶ
1539 1037 1890 1120 φίλτερον;

396 1132 531 1213 φεῦ
561 1133 729 1214 φεῦ·
768 1133 840 1195 τί
872 1125 939 1195 δ’
981 1119 1074 1196 αὖ
1111 1127 1195 1197 σύ
1235 1137 1333 1220 σῷ
1369 1131 1745 1222 κασιγνήτῳ
1784 1137 2105 1303 δοκεῖ’ς;2

381 1223 591 1307 ,ἀπὼν
618 1231 905 1312 ἐκεῖνος,
937 1227 1019 1298 οὐ
1050 1257 1290 1318 παρων
1319 1226 1480 1318 ἡμῖν
1509 1237 1726 1317 φίλος.

398 1331 472 1397 ἐκ
499 1335 619 1398 τοῦ
650 1329 725 1398 δὲ
751 1335 962 1410 ναίεις
990 1328 1230 1400 ἐνθάδ’
1265 1328 1514 1412 ἄστεως
1542 1333 1730 1416 ἕκάς;
2106 1249 2278 1423 45(

398 1429 837 1519 ἐγημάμεσθ’,
869 1460 920 1501 ω
950 1435 1157 1520 ξεῖνε,
1186 1433 1569 1526 &Qv
1598 1361 2153 1572 γάμονχῗρῇ
2030 1429 2102 1465 ²²
2134 1413 2189 1452 l<
2165 1414 2281 1538 0⁴..

397 1528 606 1625 ωμωξ
636 1531 937 1620 ἀδελφὸν
966 1535 1107 1603 σόν.
1136 1544 1567 1623 Μυκηναίων
1594 1544 1762 1620 τινί;

397 1633 520 1721 οὐχ
555 1625 610 1727 ᾦ
636 1632 851 1725 πατήρ
881 1634 950 1723 μ’
984 1631 1258 1724 ἤλπιζεν
1287 1638 1608 1708 ἐκδώσειν
1636 1641 1814 1708 ποτέ.

400 1735 564 1824 εἴφ’,
600 1732 689 1816 ὡς
725 1734 1018 1820 ἀκούσας
1045 1747 1141 1831 σῷ
1169 1740 1550 1832 κασιγνήτῳ
1579 1743 1773 1828 λέγω.
2072 1759 2174 1812 250

398 1843 473 1908 ἐν
498 1836 709 1908 τοῖσδ’
744 1843 1010 1909 ἐκείνου
1037 1838 1316 1929 τηλορὸς
1344 1849 1513 1910 ναίω
1544 1840 1790 1928 δόμοις.

399 1940 699 2028 σκαφεύς
730 1970 828 2023 τις
854 1937 898 2030 ἢ
923 1942 1313 2032 βουφορβὸς
1345 1941 1524 2026 ἄξιος
1552 1943 1799 2031 δόμων.

394 2044 598 2131 πένης
626 2040 797 2134 ἀνὴρ
824 2060 1133 2132 γενναῖος
1163 2055 1256 2126 εἴς
1285 2043 1343 2113 τ’
1380 2043 1485 2133 ἔμ’
1522 2044 1822 2133 εὐσεβής.

397 2142 440 2231 ἡ
468 2142 535 2213 δ’
572 2143 879 2233 εὐσέβεια
907 2153 1005 2226 τίς
1035 2148 1346 2236 πρόσεστι
1376 2156 1472 2240 σῷ
1501 2148 1727 2230 πόσεις

398 2244 737 2316 οὐπώποτ’
775 2246 977 2337 εὐνῆς
1003 2255 1118 2336 τῆς
1150 2253 1309 2337 ἐμῆς
1337 2256 1489 2338 ἔτλη
1517 2261 1763 2337 θιγεῖν.
2038 2270 2171 2321 ’255

396 2345 679 2437 ἅγνευμ’
714 2357 887 2437 ἔχων
918 2378 981 2419 τι
1010 2361 1208 2420 θεῖον
1234 2349 1279 2439 ἤ
1305 2349 1369 2420 σ’
1406 2348 1740 2434 ἆπαξιῶνς

391 2453 628 2539 γονέας
654 2448 955 2541 ὑβρίζειν
982 2452 1141 2532 τοὺς
1168 2452 1369 2541 ἐμοὺς
1397 2452 1523 2522 οὐκ
1551 2451 1764 2540 ἠξίου.

399 2553 513 2621 καὶ
538 2560 679 2633 πῶς
706 2554 920 2642 γάμον
948 2561 1260 2624 τοιοῦτον
1285 2552 1408 2641 οὐχ
1435 2552 1616 2642 ἥσθη
1644 2553 1907 2642 λαβῶνς

397 2650 480 2723 οὐ
508 2654 752 2743 κύριον
779 2653 898 2725 τὸν
925 2655 1131 2725 δόντα
1157 2654 1229 2744 μ’
1261 2653 1551 2745 ἡγεῖται,
1583 2660 1749 2739 ξένε.

397 2752 618 2842 ξυνῆκ’
640 2779 655 2794 ·
685 2754 957 2846 Ὀρέστῃ
986 2758 1076 2845 μή
1105 2756 1255 2827 ποτ’
1289 2762 1513 2849 ἐκτίσῃ
1543 2763 1762 2847 δίκην.
2069 2774 2173 2830 260

390 2855 573 2927 τοῦτ’
605 2856 772 2927 αὐτὸ
801 2866 1070 2949 ταρβῶν
1088 2912 1107 2946 ,
1138 2859 1305 2949 πρὸς
1334 2860 1409 2929 δὲ
1438 2864 1550 2930 καὶ
1578 2858 1874 2951 σω’φρων
1902 2867 2056 2948 ἔφυ.

455 2987 532 3030 ευ
552 2980 567 2997 ·

394 2988 711 3149 ἷενναϊον
740 3060 935 3153 ἄνδρ’
972 3067 1230 3153 ἔλεξας,
1264 3056 1343 3134 εὖ
1371 3091 1441 3133 τε
1470 3066 1814 3155 δραστέον.

398 3171 463 3232 εί
493 3162 577 3251 δή
606 3161 771 3235 ποθ’
808 3161 948 3255 ἥξει
980 3163 1045 3254 γ’
1082 3173 1175 3247 εἰς
1203 3166 1451 3255 δόμους
1478 3163 1514 3237 ὁ
1542 3174 1674 3236 νῦν
1703 3164 1914 3235 ἀπών.

396 3264 612 3357 μήτηρ
642 3269 722 3336 δέ
746 3265 811 3336 σ’
845 3265 886 3355 ἡ
916 3277 1202 3338 τεκοῦσα
1236 3266 1426 3339 ταῦτ’
1459 3266 1812 3358 ἠνέσχετο;

391 3383 713 3456 γυναῖκες
740 3367 1045 3458 ἀνδρῶν,
1078 3362 1132 3439 ὦ
1160 3369 1312 3459 ξέν’,
1345 3368 1429 3441 οὐ
1457 3378 1723 3441 παίδων
1753 3378 1964 3458 φίλαι.
2072 3383 2171 3437 265

396 3477 582 3552 τίνος
610 3473 691 3541 δέ
720 3471 790 3540 σ’
831 3472 1033 3563 εἵνεχ’
1080 3470 1308 3563 ῧβρισ’
1342 3484 1672 3563 Αἴγισθος
1699 3472 1892 3551 τάδε;
