<?xml version="1.0" encoding="UTF-8"?>
<!DOCTYPE html PUBLIC "-//W3C//DTD XHTML 1.0 Transitional//EN"
    "http://www.w3.org/TR/xhtml1/DTD/xhtml1-transitional.dtd">
<html xmlns="http://www.w3.org/1999/xhtml" xml:lang="en" lang="en">
 <head>
  <title>
</title>
<meta http-equiv="Content-Type" content="text/html;charset=utf-8" />
  <meta name='ocr-system' content='tesseract 3.04.00' />
  <meta name='ocr-capabilities' content='ocr_page ocr_carea ocr_par ocr_line ocrx_word'/>
</head>
<body>
  <div class='ocr_page' id='page_1' title='image "./evripidistragoe03eurigoog/evripidistragoe03eurigoog_0462.png"; bbox 0 0 2492 3900; ppageno 0'>
   <div class='ocr_carea' id='block_1_1' title="bbox 703 51 1991 189">
    <p class='ocr_par' dir='ltr' id='par_1_1' title="bbox 703 51 1991 189">
     <span class='ocr_line' id='line_1_1' title="bbox 703 51 1991 189; baseline -0.015 0"><span class='ocrx_word' id='word_1_1' title='bbox 703 127 1115 189; x_wconf 80' lang='grc' dir='ltr'><em>ΗΡΑΚΛΗΣ</em></span> <span class='ocrx_word' id='word_1_2' title='bbox 1148 117 1767 182; x_wconf 86' lang='grc' dir='ltr'><em>ΜΑΙΝΟΜΕΝΟΣ</em></span> <span class='ocrx_word' id='word_1_3' title='bbox 1960 51 1991 94; x_wconf 50' lang='lat'>⁸</span> 
     </span>
    </p>
   </div>
   <div class='ocr_carea' id='block_1_2' title="bbox 459 265 2283 1211">
    <p class='ocr_par' dir='ltr' id='par_1_2' title="bbox 459 265 2283 494">
     <span class='ocr_line' id='line_1_2' title="bbox 459 265 2283 393; baseline -0.017 -19"><span class='ocrx_word' id='word_1_4' title='bbox 459 303 805 393; x_wconf 80' lang='grc' dir='ltr'><strong><em>γέροντες,</em></strong></span> <span class='ocrx_word' id='word_1_5' title='bbox 833 290 1046 365; x_wconf 81' lang='grc' dir='ltr'><strong><em>οὐκέτ’</em></strong></span> <span class='ocrx_word' id='word_1_6' title='bbox 1081 299 1218 362; x_wconf 82' lang='grc' dir='ltr'><strong><em>ἔστι</em></strong></span> <span class='ocrx_word' id='word_1_7' title='bbox 1247 283 1584 375; x_wconf 76' lang='grc' dir='ltr'><strong><em>δυσσεβὴς</em></strong></span> <span class='ocrx_word' id='word_1_8' title='bbox 1614 282 1808 373; x_wconf 82' lang='grc' dir='ltr'><strong><em>ἀνήρ.</em></strong></span> <span class='ocrx_word' id='word_1_9' title='bbox 2148 265 2283 355; x_wconf 61' lang='grc' dir='ltr'><strong><em>τῶ</em></strong></span> 
     </span>
     <span class='ocr_line' id='line_1_3' title="bbox 465 385 1930 496; baseline -0.016 -21"><span class='ocrx_word' id='word_1_10' title='bbox 465 411 622 496; x_wconf 77' lang='grc' dir='ltr'><strong><em>σιγᾷ</em></strong></span> <span class='ocrx_word' id='word_1_11' title='bbox 649 403 988 492; x_wconf 79' lang='grc' dir='ltr'><strong><em>μέλαθρα·</em></strong></span> <span class='ocrx_word' id='word_1_12' title='bbox 1030 392 1196 484; x_wconf 86' lang='grc' dir='ltr'><strong><em>πρὸς</em></strong></span> <span class='ocrx_word' id='word_1_13' title='bbox 1223 387 1468 480; x_wconf 79' lang='grc' dir='ltr'><strong><em>χοροὺς</em></strong></span> <span class='ocrx_word' id='word_1_14' title='bbox 1496 385 1930 478; x_wconf 74' lang='grc' dir='ltr'><strong><em>τραπώμεθα.</em></strong></span> 
     </span>
    </p>

    <p class='ocr_par' dir='ltr' id='par_1_3' title="bbox 465 487 1789 597">
     <span class='ocr_line' id='line_1_4' title="bbox 465 487 1789 597; baseline -0.017 -19"><span class='ocrx_word' id='word_1_15' title='bbox 465 513 651 597; x_wconf 88' lang='grc' dir='ltr'><strong><em>φίλοι</em></strong></span> <span class='ocrx_word' id='word_1_16' title='bbox 683 500 813 594; x_wconf 76' lang='grc' dir='ltr'><strong><em>γὰρ</em></strong></span> <span class='ocrx_word' id='word_1_17' title='bbox 844 497 1246 586; x_wconf 79' lang='grc' dir='ltr'><strong><em>εὐτυχοῦσιν</em></strong></span> <span class='ocrx_word' id='word_1_18' title='bbox 1275 487 1395 573; x_wconf 69' lang='grc' dir='ltr'><strong><em>οὓς</em></strong></span> <span class='ocrx_word' id='word_1_19' title='bbox 1424 488 1555 580; x_wconf 84' lang='grc' dir='ltr'><strong><em>ἐγω</em></strong></span> <span class='ocrx_word' id='word_1_20' title='bbox 1586 491 1789 560; x_wconf 82' lang='grc' dir='ltr'><strong><em>θέλω.</em></strong></span> 
     </span>
    </p>

    <p class='ocr_par' dir='ltr' id='par_1_4' title="bbox 463 603 2151 802">
     <span class='ocr_line' id='line_1_5' title="bbox 465 603 2151 700; baseline -0.016 -18"><span class='ocrx_word' id='word_1_21' title='bbox 465 611 654 700; x_wconf 84' lang='grc' dir='ltr'><strong><em>χοροὶ</em></strong></span> <span class='ocrx_word' id='word_1_22' title='bbox 679 606 868 696; x_wconf 82' lang='grc' dir='ltr'><strong><em>χοροὶ</em></strong></span> <span class='ocrx_word' id='word_1_23' title='bbox 896 603 1010 671; x_wconf 84' lang='grc' dir='ltr'><strong><em>καὶ</em></strong></span> <span class='ocrx_word' id='word_1_24' title='bbox 1037 603 1274 668; x_wconf 82' lang='grc' dir='ltr'><strong><em>θαλίαι</em></strong></span> <span class='ocrx_word' id='word_1_25' title='bbox 2004 607 2151 677; x_wconf 90' lang='grc' dir='ltr'><strong><em>στρ.</em></strong></span> 
     </span>
     <span class='ocr_line' id='line_1_6' title="bbox 463 693 1601 802; baseline -0.018 -19"><span class='ocrx_word' id='word_1_26' title='bbox 463 714 741 802; x_wconf 80' lang='grc' dir='ltr'><strong><em>μέλουσι</em></strong></span> <span class='ocrx_word' id='word_1_27' title='bbox 769 705 996 794; x_wconf 80' lang='grc' dir='ltr'><strong><em>Θήβας</em></strong></span> <span class='ocrx_word' id='word_1_28' title='bbox 1029 697 1215 794; x_wconf 88' lang='grc' dir='ltr'><strong><em>ιερὸν</em></strong></span> <span class='ocrx_word' id='word_1_29' title='bbox 1241 693 1379 768; x_wconf 85' lang='grc' dir='ltr'><strong><em>κατ’</em></strong></span> <span class='ocrx_word' id='word_1_30' title='bbox 1410 693 1601 766; x_wconf 88' lang='grc' dir='ltr'><strong><em>αστυ.</em></strong></span> 
     </span>
    </p>

    <p class='ocr_par' dir='ltr' id='par_1_5' title="bbox 467 800 2277 1007">
     <span class='ocr_line' id='line_1_7' title="bbox 467 800 2277 905; baseline -0.018 -20"><span class='ocrx_word' id='word_1_31' title='bbox 467 809 872 905; x_wconf 77' lang='grc' dir='ltr'><strong><em>μεταλλαγαὶ</em></strong></span> <span class='ocrx_word' id='word_1_32' title='bbox 902 833 1031 896; x_wconf 89' lang='grc' dir='ltr'><strong><em>γαρ</em></strong></span> <span class='ocrx_word' id='word_1_33' title='bbox 1062 800 1405 891; x_wconf 77' lang='grc' dir='ltr'><strong><em>δακρύων,</em></strong></span> <span class='ocrx_word' id='word_1_34' title='bbox 2154 805 2277 862; x_wconf 83' lang='lat'>&#39;¹165</span> 
     </span>
     <span class='ocr_line' id='line_1_8' title="bbox 469 911 1264 1007; baseline -0.019 -20"><span class='ocrx_word' id='word_1_35' title='bbox 469 911 873 1007; x_wconf 79' lang='grc' dir='ltr'><strong><em>μεταλλαγαὶ</em></strong></span> <span class='ocrx_word' id='word_1_36' title='bbox 901 911 1264 992; x_wconf 78' lang='grc' dir='ltr'><strong><em>συντυχίας</em></strong></span> 
     </span>
    </p>

    <p class='ocr_par' dir='ltr' id='par_1_6' title="bbox 469 1005 1280 1085">
     <span class='ocr_line' id='line_1_9' title="bbox 469 1005 1280 1085; baseline -0.019 3"><span class='ocrx_word' id='word_1_37' title='bbox 469 1025 501 1066; x_wconf 88' lang='grc'>*</span> <span class='ocrx_word' id='word_1_38' title='bbox 567 1027 600 1067; x_wconf 82' lang='grc'>*</span> <span class='ocrx_word' id='word_1_39' title='bbox 667 1028 699 1070; x_wconf 81' lang='grc'>*</span> <span class='ocrx_word' id='word_1_40' title='bbox 773 1021 1002 1084; x_wconf 79' lang='grc' dir='ltr'><strong><em>ἔτεκον</em></strong></span> <span class='ocrx_word' id='word_1_41' title='bbox 1029 1005 1280 1085; x_wconf 80' lang='grc' dir='ltr'><strong><em>ἄοιδας.</em></strong></span> 
     </span>
    </p>

    <p class='ocr_par' dir='ltr' id='par_1_7' title="bbox 471 1108 1241 1211">
     <span class='ocr_line' id='line_1_10' title="bbox 471 1108 1241 1211; baseline -0.021 -18"><span class='ocrx_word' id='word_1_42' title='bbox 471 1115 692 1211; x_wconf 81' lang='grc' dir='ltr'><strong><em>βέβακ’</em></strong></span> <span class='ocrx_word' id='word_1_43' title='bbox 728 1109 950 1197; x_wconf 66' lang='grc' dir='ltr'><strong><em>αναξ“</em></strong></span> <span class='ocrx_word' id='word_1_44' title='bbox 921 1142 956 1183; x_wconf 92' lang='grc' dir='ltr'><strong><em>ο</em></strong></span> <span class='ocrx_word' id='word_1_45' title='bbox 988 1108 1241 1195; x_wconf 87' lang='grc' dir='ltr'><strong><em>καινός,</em></strong></span> 
     </span>
    </p>
   </div>
   <div class='ocr_carea' id='block_1_3' title="bbox 471 1221 2283 1416">
    <p class='ocr_par' dir='ltr' id='par_1_8' title="bbox 471 1221 2283 1416">
     <span class='ocr_line' id='line_1_11' title="bbox 471 1221 1034 1303; baseline -0.021 -8"><span class='ocrx_word' id='word_1_46' title='bbox 471 1221 508 1295; x_wconf 84' lang='grc' dir='ltr'>ὁ</span> <span class='ocrx_word' id='word_1_47' title='bbox 537 1222 612 1292; x_wconf 74' lang='grc' dir='ltr'><strong><em>δὲ</em></strong></span> <span class='ocrx_word' id='word_1_48' title='bbox 639 1225 1034 1303; x_wconf 80' lang='grc' dir='ltr'><strong><em>παλαίτερος</em></strong></span> 
     </span>
     <span class='ocr_line' id='line_1_12' title="bbox 473 1301 2283 1416; baseline -0.016 -20"><span class='ocrx_word' id='word_1_49' title='bbox 473 1337 738 1416; x_wconf 75' lang='grc' dir='ltr'><strong><em>κρατεῖ,</em></strong></span> <span class='ocrx_word' id='word_1_50' title='bbox 767 1321 1006 1408; x_wconf 82' lang='grc' dir='ltr'><strong><em>λιμένα</em></strong></span> <span class='ocrx_word' id='word_1_51' title='bbox 1033 1311 1251 1385; x_wconf 78' lang='grc' dir='ltr'><strong><em>λιπών</em></strong></span> <span class='ocrx_word' id='word_1_52' title='bbox 1278 1336 1356 1398; x_wconf 90' lang='grc' dir='ltr'><strong><em>γε</em></strong></span> <span class='ocrx_word' id='word_1_53' title='bbox 1389 1305 1511 1376; x_wconf 87' lang='grc' dir='ltr'><strong><em>τὸν</em></strong></span> <span class='ocrx_word' id='word_1_54' title='bbox 1529 1301 1969 1405; x_wconf 69' lang='grc' dir='ltr'><strong><em>Ἀχερόντιον.</em></strong></span> <span class='ocrx_word' id='word_1_55' title='bbox 2159 1315 2283 1372; x_wconf 81' lang='grc'><strong><em>770</em></strong></span> 
     </span>
    </p>
   </div>
   <div class='ocr_carea' id='block_1_4' title="bbox 474 1407 2296 3280">
    <p class='ocr_par' dir='ltr' id='par_1_9' title="bbox 474 1407 1572 1513">
     <span class='ocr_line' id='line_1_13' title="bbox 474 1407 1572 1513; baseline -0.019 -15"><span class='ocrx_word' id='word_1_56' title='bbox 474 1423 872 1513; x_wconf 78' lang='grc' dir='ltr'><strong><em>δοκημάτων</em></strong></span> <span class='ocrx_word' id='word_1_57' title='bbox 903 1417 1089 1499; x_wconf 80' lang='grc' dir='ltr'><strong><em>ἐκτὸς</em></strong></span> <span class='ocrx_word' id='word_1_58' title='bbox 1121 1407 1340 1504; x_wconf 80' lang='grc' dir='ltr'><strong><em>ἦλθεν</em></strong></span> <span class='ocrx_word' id='word_1_59' title='bbox 1368 1413 1572 1490; x_wconf 83' lang='grc' dir='ltr'><strong><em>ἐλπίς.</em></strong></span> 
     </span>
    </p>

    <p class='ocr_par' dir='ltr' id='par_1_10' title="bbox 479 1500 2166 1722">
     <span class='ocr_line' id='line_1_14' title="bbox 479 1500 2166 1600; baseline -0.017 0"><span class='ocrx_word' id='word_1_60' title='bbox 479 1530 633 1600; x_wconf 86' lang='grc' dir='ltr'><strong><em>θεοὶ</em></strong></span> <span class='ocrx_word' id='word_1_61' title='bbox 662 1526 816 1595; x_wconf 86' lang='grc' dir='ltr'><strong><em>θεοὶ</em></strong></span> <span class='ocrx_word' id='word_1_62' title='bbox 844 1528 981 1592; x_wconf 77' lang='grc' dir='ltr'><strong><em>τῶν</em></strong></span> <span class='ocrx_word' id='word_1_63' title='bbox 1007 1517 1267 1590; x_wconf 75' lang='grc' dir='ltr'><strong><em>ἀδίκων</em></strong></span> <span class='ocrx_word' id='word_1_64' title='bbox 2018 1500 2166 1574; x_wconf 83' lang='grc' dir='ltr'><strong><em>ἀντ.</em></strong></span> 
     </span>
     <span class='ocr_line' id='line_1_15' title="bbox 479 1615 1588 1722; baseline -0.018 -19"><span class='ocrx_word' id='word_1_65' title='bbox 479 1633 757 1722; x_wconf 82' lang='grc' dir='ltr'><strong><em>μέλουσι</em></strong></span> <span class='ocrx_word' id='word_1_66' title='bbox 781 1627 897 1696; x_wconf 80' lang='grc' dir='ltr'><strong><em>καὶ</em></strong></span> <span class='ocrx_word' id='word_1_67' title='bbox 926 1650 1066 1693; x_wconf 88' lang='grc' dir='ltr'><strong><em>των</em></strong></span> <span class='ocrx_word' id='word_1_68' title='bbox 1091 1617 1303 1690; x_wconf 82' lang='grc' dir='ltr'><strong><em>ὁσίων</em></strong></span> <span class='ocrx_word' id='word_1_69' title='bbox 1336 1615 1588 1708; x_wconf 78' lang='grc' dir='ltr'><strong><em>ἐπᾴειν.</em></strong></span> 
     </span>
    </p>

    <p class='ocr_par' dir='ltr' id='par_1_11' title="bbox 479 1721 1257 1822">
     <span class='ocr_line' id='line_1_16' title="bbox 479 1721 1257 1822; baseline -0.021 -16"><span class='ocrx_word' id='word_1_70' title='bbox 479 1732 516 1806; x_wconf 85' lang='grc' dir='ltr'>ὁ</span> <span class='ocrx_word' id='word_1_71' title='bbox 546 1729 796 1822; x_wconf 87' lang='grc' dir='ltr'><strong><em>χρυσὸς</em></strong></span> <span class='ocrx_word' id='word_1_72' title='bbox 823 1725 865 1797; x_wconf 81' lang='grc' dir='ltr'>ἅ</span> <span class='ocrx_word' id='word_1_73' title='bbox 895 1723 943 1796; x_wconf 86' lang='grc' dir='ltr'><strong><em>τ’</em></strong></span> <span class='ocrx_word' id='word_1_74' title='bbox 980 1721 1257 1810; x_wconf 90' lang='grc' dir='ltr'><strong><em>ευτυχία</em></strong></span> 
     </span>
    </p>

    <p class='ocr_par' dir='ltr' id='par_1_12' title="bbox 484 1824 2287 2019">
     <span class='ocr_line' id='line_1_17' title="bbox 487 1824 2287 1927; baseline -0.015 -20"><span class='ocrx_word' id='word_1_75' title='bbox 487 1840 763 1927; x_wconf 77' lang='grc' dir='ltr'><strong><em>φρενῶν</em></strong></span> <span class='ocrx_word' id='word_1_76' title='bbox 794 1825 1080 1923; x_wconf 76' lang='grc' dir='ltr'><strong><em>βροτούς</em></strong></span> <span class='ocrx_word' id='word_1_77' title='bbox 1109 1824 1428 1912; x_wconf 76' lang='grc' dir='ltr'><strong><em>ἐξαγεται,</em></strong></span> <span class='ocrx_word' id='word_1_78' title='bbox 2176 1824 2287 1883; x_wconf 80' lang='grc'><strong><em>775</em></strong></span> 
     </span>
     <span class='ocr_line' id='line_1_18' title="bbox 484 1929 1388 2019; baseline -0.02 -8"><span class='ocrx_word' id='word_1_79' title='bbox 484 1940 772 2011; x_wconf 85' lang='grc' dir='ltr'><strong><em>δύνασιν</em></strong></span> <span class='ocrx_word' id='word_1_80' title='bbox 799 1931 1037 2005; x_wconf 87' lang='grc' dir='ltr'><strong><em>αδικον</em></strong></span> <span class='ocrx_word' id='word_1_81' title='bbox 1063 1929 1388 2019; x_wconf 80' lang='grc' dir='ltr'><strong><em>ἐφέλκων.</em></strong></span> 
     </span>
    </p>

    <p class='ocr_par' dir='ltr' id='par_1_13' title="bbox 483 2035 1289 2166">
     <span class='ocr_line' id='line_1_19' title="bbox 483 2035 1289 2166; baseline -0.02 -52"><span class='ocrx_word' id='word_1_82' title='bbox 483 2041 732 2166; x_wconf 85' lang='grc' dir='ltr'><strong><em>χρόνον</em></strong></span> <span class='ocrx_word' id='word_1_83' title='bbox 759 2035 889 2127; x_wconf 78' lang='grc' dir='ltr'><strong><em>γὰρ</em></strong></span> <span class='ocrx_word' id='word_1_84' title='bbox 918 2062 1105 2115; x_wconf 88' lang='grc' dir='ltr'><strong><em>ουτις</em></strong></span> <span class='ocrx_word' id='word_1_85' title='bbox 1133 2038 1289 2101; x_wconf 79' lang='grc' dir='ltr'><strong><em>ἔτλα</em></strong></span> 
     </span>
    </p>

    <p class='ocr_par' dir='ltr' id='par_1_14' title="bbox 488 2141 1131 2226">
     <span class='ocr_line' id='line_1_20' title="bbox 488 2141 1131 2226; baseline -0.016 -12"><span class='ocrx_word' id='word_1_86' title='bbox 488 2142 563 2214; x_wconf 89' lang='grc' dir='ltr'><strong><em>τὸ</em></strong></span> <span class='ocrx_word' id='word_1_87' title='bbox 593 2141 798 2212; x_wconf 90' lang='grc' dir='ltr'><strong><em>παλιν</em></strong></span> <span class='ocrx_word' id='word_1_88' title='bbox 830 2143 1131 2226; x_wconf 82' lang='grc' dir='ltr'><strong><em>εἰσορᾶν·</em></strong></span> 
     </span>
    </p>

    <p class='ocr_par' dir='ltr' id='par_1_15' title="bbox 487 2221 1905 2333">
     <span class='ocr_line' id='line_1_21' title="bbox 487 2221 1905 2333; baseline -0.015 -18"><span class='ocrx_word' id='word_1_89' title='bbox 487 2246 699 2333; x_wconf 89' lang='grc' dir='ltr'><strong><em>νόμον</em></strong></span> <span class='ocrx_word' id='word_1_90' title='bbox 726 2242 1130 2328; x_wconf 82' lang='grc' dir='ltr'><strong><em>παρέμενος,</em></strong></span> <span class='ocrx_word' id='word_1_91' title='bbox 1168 2232 1413 2324; x_wconf 82' lang='grc' dir='ltr'><strong><em>ἀνομία</em></strong></span> <span class='ocrx_word' id='word_1_92' title='bbox 1439 2231 1637 2322; x_wconf 84' lang='grc' dir='ltr'><strong><em>χάριν</em></strong></span> <span class='ocrx_word' id='word_1_93' title='bbox 1669 2221 1905 2306; x_wconf 78' lang='grc' dir='ltr'><strong><em>διδοὺς</em></strong></span> 
     </span>
    </p>

    <p class='ocr_par' dir='ltr' id='par_1_16' title="bbox 488 2331 2293 2637">
     <span class='ocr_line' id='line_1_22' title="bbox 491 2331 2293 2436; baseline -0.016 -18"><span class='ocrx_word' id='word_1_94' title='bbox 491 2355 832 2436; x_wconf 80' lang='grc' dir='ltr'><strong><em>ἔθραυσεν</em></strong></span> <span class='ocrx_word' id='word_1_95' title='bbox 861 2338 1069 2428; x_wconf 85' lang='grc' dir='ltr'><strong><em>ολβου</em></strong></span> <span class='ocrx_word' id='word_1_96' title='bbox 1099 2332 1416 2407; x_wconf 84' lang='grc' dir='ltr'><strong><em>κελαινὸν</em></strong></span> <span class='ocrx_word' id='word_1_97' title='bbox 1444 2331 1641 2423; x_wconf 79' lang='grc' dir='ltr'><strong><em>ἅρμα.</em></strong></span> <span class='ocrx_word' id='word_1_98' title='bbox 2180 2334 2293 2392; x_wconf 81' lang='grc'><strong><em>780</em></strong></span> 
     </span>
     <span class='ocr_line' id='line_1_23' title="bbox 484 2439 2179 2538; baseline -0.018 -16.804"><span class='ocrx_word' id='word_1_99' title='bbox 484 2442 716 2538; x_wconf 83' lang='grc' dir='ltr'><strong><em>Ἰσμήν’</em></strong></span> <span class='ocrx_word' id='word_1_100' title='bbox 752 2474 804 2515; x_wconf 90' lang='grc' dir='ltr'><strong><em>ω</em></strong></span> <span class='ocrx_word' id='word_1_101' title='bbox 834 2439 1358 2532; x_wconf 84' lang='grc' dir='ltr'><strong><em>στεφαναφόρει,</em></strong></span> <span class='ocrx_word' id='word_1_102' title='bbox 2036 2444 2179 2513; x_wconf 84' lang='grc' dir='ltr'><strong><em>στρ.</em></strong></span> 
     </span>
     <span class='ocr_line' id='line_1_24' title="bbox 488 2538 1526 2637; baseline -0.017 -13"><span class='ocrx_word' id='word_1_103' title='bbox 488 2558 717 2637; x_wconf 81' lang='grc' dir='ltr'><strong><em>ξεσταί</em></strong></span> <span class='ocrx_word' id='word_1_104' title='bbox 738 2546 814 2620; x_wconf 86' lang='grc' dir='ltr'><strong><em>θ’</em></strong></span> <span class='ocrx_word' id='word_1_105' title='bbox 849 2543 1238 2618; x_wconf 83' lang='grc' dir='ltr'><strong><em>ἑπταπύλου</em></strong></span> <span class='ocrx_word' id='word_1_106' title='bbox 1270 2538 1526 2618; x_wconf 86' lang='grc' dir='ltr'><strong><em>πόλεως</em></strong></span> 
     </span>
    </p>

    <p class='ocr_par' dir='ltr' id='par_1_17' title="bbox 493 2644 1276 2746">
     <span class='ocr_line' id='line_1_25' title="bbox 493 2644 1276 2746; baseline -0.017 -19"><span class='ocrx_word' id='word_1_107' title='bbox 493 2647 974 2743; x_wconf 83' lang='grc' dir='ltr'><strong><em>ἀναχορεύσατ’</em></strong></span> <span class='ocrx_word' id='word_1_108' title='bbox 1009 2644 1276 2746; x_wconf 78' lang='grc' dir='ltr'><strong><em>ἀγυιαί,</em></strong></span> 
     </span>
    </p>

    <p class='ocr_par' dir='ltr' id='par_1_18' title="bbox 495 2741 1470 2846">
     <span class='ocr_line' id='line_1_26' title="bbox 495 2741 1470 2846; baseline -0.016 -17"><span class='ocrx_word' id='word_1_109' title='bbox 495 2764 718 2846; x_wconf 86' lang='grc' dir='ltr'><strong><em>Δίρκα</em></strong></span> <span class='ocrx_word' id='word_1_110' title='bbox 747 2750 822 2824; x_wconf 85' lang='grc' dir='ltr'><strong><em>θ’</em></strong></span> <span class='ocrx_word' id='word_1_111' title='bbox 857 2748 899 2821; x_wconf 80' lang='grc' dir='ltr'>ἁ</span> <span class='ocrx_word' id='word_1_112' title='bbox 927 2741 1470 2839; x_wconf 79' lang='grc' dir='ltr'><strong><em>καλλιρρέεθρος,</em></strong></span> 
     </span>
    </p>

    <p class='ocr_par' dir='ltr' id='par_1_19' title="bbox 494 2845 2296 3054">
     <span class='ocr_line' id='line_1_27' title="bbox 494 2845 2296 2938; baseline -0.016 -7"><span class='ocrx_word' id='word_1_113' title='bbox 494 2861 625 2932; x_wconf 88' lang='grc' dir='ltr'><strong><em>σύν</em></strong></span> <span class='ocrx_word' id='word_1_114' title='bbox 655 2854 703 2927; x_wconf 85' lang='grc' dir='ltr'><strong><em>τ’</em></strong></span> <span class='ocrx_word' id='word_1_115' title='bbox 730 2851 1138 2931; x_wconf 76' lang='grc' dir='ltr'><strong><em>Ἀσωπιάδες</em></strong></span> <span class='ocrx_word' id='word_1_116' title='bbox 1163 2849 1384 2938; x_wconf 88' lang='grc' dir='ltr'><strong><em>κόραι,</em></strong></span> <span class='ocrx_word' id='word_1_117' title='bbox 2188 2845 2296 2904; x_wconf 77' lang='lat'><strong><em>‘785</em></strong></span> 
     </span>
     <span class='ocr_line' id='line_1_28' title="bbox 498 2954 1446 3054; baseline -0.018 -20"><span class='ocrx_word' id='word_1_118' title='bbox 498 2958 746 3054; x_wconf 85' lang='grc' dir='ltr'><strong><em>πατρὸς</em></strong></span> <span class='ocrx_word' id='word_1_119' title='bbox 774 2954 963 3045; x_wconf 87' lang='grc' dir='ltr'><strong><em>υδωρ</em></strong></span> <span class='ocrx_word' id='word_1_120' title='bbox 999 2960 1159 3042; x_wconf 80' lang='grc' dir='ltr'><strong><em>βᾶτε</em></strong></span> <span class='ocrx_word' id='word_1_121' title='bbox 1189 2954 1446 3021; x_wconf 72' lang='grc' dir='ltr'><strong><em>λιποῧ-··</em></strong></span> 
     </span>
    </p>

    <p class='ocr_par' dir='ltr' id='par_1_20' title="bbox 495 3060 988 3137">
     <span class='ocr_line' id='line_1_29' title="bbox 495 3060 988 3137; baseline -0.02 0"><span class='ocrx_word' id='word_1_122' title='bbox 495 3088 605 3137; x_wconf 89' lang='grc' dir='ltr'><strong><em>σαι</em></strong></span> <span class='ocrx_word' id='word_1_123' title='bbox 635 3060 988 3133; x_wconf 89' lang='grc' dir='ltr'><strong><em>συναοιδοὶ</em></strong></span> 
     </span>
    </p>

    <p class='ocr_par' dir='ltr' id='par_1_21' title="bbox 495 3158 1331 3280">
     <span class='ocr_line' id='line_1_30' title="bbox 495 3158 1331 3280; baseline -0.019 -40"><span class='ocrx_word' id='word_1_124' title='bbox 495 3169 759 3258; x_wconf 88' lang='grc' dir='ltr'><strong><em>νύμφαι</em></strong></span> <span class='ocrx_word' id='word_1_125' title='bbox 787 3161 907 3233; x_wconf 89' lang='grc' dir='ltr'><strong><em>τὸν</em></strong></span> <span class='ocrx_word' id='word_1_126' title='bbox 925 3158 1331 3280; x_wconf 85' lang='grc' dir='ltr'><strong><em>Ἡρακλέους</em></strong></span> 
     </span>
    </p>
   </div>
   <div class='ocr_carea' id='block_1_5' title="bbox 499 3259 1662 3441">
    <p class='ocr_par' dir='ltr' id='par_1_22' title="bbox 499 3259 1662 3441">
     <span class='ocr_line' id='line_1_31' title="bbox 499 3259 1249 3353; baseline -0.021 -11"><span class='ocrx_word' id='word_1_127' title='bbox 499 3275 893 3342; x_wconf 86' lang='grc' dir='ltr'><strong><em>καλλίνικον</em></strong></span> <span class='ocrx_word' id='word_1_128' title='bbox 925 3259 1158 3353; x_wconf 80' lang='grc' dir='ltr'><strong><em>ἀγων’·</em></strong></span> <span class='ocrx_word' id='word_1_129' title='bbox 1197 3287 1249 3327; x_wconf 89' lang='grc' dir='ltr'><strong><em>ω</em></strong></span> 
     </span>
     <span class='ocr_line' id='line_1_32' title="bbox 885 3368 1662 3441; baseline -0.026 0"><span class='ocrx_word' id='word_1_130' title='bbox 885 3382 1080 3441; x_wconf 81' lang='lat'><strong>763—</strong></span> <span class='ocrx_word' id='word_1_131' title='bbox 1099 3379 1193 3437; x_wconf 81' lang='lat'><strong><em>771</em></strong></span> <span class='ocrx_word' id='word_1_132' title='bbox 1229 3402 1317 3431; x_wconf 81' lang='lat'><strong><em>=</em></strong></span> <span class='ocrx_word' id='word_1_133' title='bbox 1344 3374 1537 3430; x_wconf 78' lang='grc'><strong>772-</strong></span> <span class='ocrx_word' id='word_1_134' title='bbox 1557 3368 1662 3428; x_wconf 80' lang='grc'><strong><em>780</em></strong></span> 
     </span>
    </p>
   </div>
   <div class='ocr_carea' id='block_1_6' title="bbox 887 3474 1669 3543">
    <p class='ocr_par' dir='ltr' id='par_1_23' title="bbox 887 3474 1669 3543">
     <span class='ocr_line' id='line_1_33' title="bbox 887 3474 1669 3543; baseline -0.019 -1"><span class='ocrx_word' id='word_1_135' title='bbox 887 3480 1203 3543; x_wconf 82' lang='grc'><strong>781-797</strong></span> <span class='ocrx_word' id='word_1_136' title='bbox 1231 3498 1319 3527; x_wconf 83' lang='lat'><strong><em>=</em></strong></span> <span class='ocrx_word' id='word_1_137' title='bbox 1348 3474 1669 3533; x_wconf 70' lang='lat'>798—814</span> 
     </span>
    </p>
   </div>
  </div>
 </body>
</html>
