2492 3900
237 3488 378 3551 XO.

1043 160 1457 219 ΙΚΕΊἸΔΕΣ
2120 158 2242 225 381,

467 331 596 418 ἐγώ
623 336 695 400 δὲ
717 330 803 419 ο),
831 319 884 398 αἶ
914 343 1066 416 παῖ,
1098 337 1329 418 πρῶτα
1362 329 1486 417 μὲν
1511 328 1592 398 τὰ
1618 336 1755 399 τῶν
1780 336 1967 399 θεῶν

464 445 742 501 σκοπεῖν
768 429 1024 500 κελεύω
1051 428 1141 518 μὴ
1173 437 1433 521 σφαλῇς
1455 427 1803 519 ἀτιμάσας·

466 532 751 620 σφάλλει
776 530 904 618 γὰρ
928 535 1002 598 ἐν
1023 535 1240 620 τούτῳ
1264 534 1471 621 μόνῳ,
1521 529 1707 602 τᾶλλ’
1742 523 1822 603 εὖ
1852 541 2148 623 φρονῶν.

467 633 635 723 πρὸς
660 640 886 705 τοῖσδε
914 630 1005 721 δ’,
1036 639 1100 703 εἰ
1121 634 1246 721 μὲν
1276 633 1366 722 μὴ
1395 631 1861 723 ἀδικουμένοις
1889 638 2088 725 ἐχρῆν

461 735 797 824 τολμηρὸν
825 734 1030 823 εἶναι,
1059 732 1249 823 κάρτ’
1285 731 1371 805 ἀν
1403 735 1581 823 εἶχον
1608 733 1899 825 ἡσύχως·
2143 756 2243 807 305

461 838 625 908 νυνὶ
652 837 728 906 δὲ
753 840 880 907 σοί
886 864 960 906 τε
990 844 1187 906 τοῦτο
1215 836 1339 921 τὴν
1366 836 1565 927 τιμὴν
1597 839 1791 929 φέρει

466 936 667 1026 κάμοὶ
695 954 1052 1029 παραινεῖν
1080 935 1161 1007 οὐ
1192 938 1412 1027 φόβον
1441 942 1668 1029 φέρει,
1698 942 1957 1027 τέκνον,

465 1037 717 1129 ἄνδρας
743 1046 1007 1128 βιαίους
1037 1042 1151 1110 καὶ
1179 1048 1650 1130 κατείργοντας
1676 1040 1962 1130 νεκροὺς

465 1142 684 1229 τάφου
711 1170 782 1211 τε
809 1148 1044 1231 μοίρας
1069 1144 1184 1210 καὶ
1209 1144 1665 1232 κτερισμάτων
1693 1150 1919 1229 λαχεῖν

463 1246 583 1336 [εἰς
615 1246 804 1333 τήνδ’
843 1245 1143 1333 ἀνάγκην
1178 1252 1267 1335 σῇ
1302 1252 1701 1331 καταστῆναι
1734 1251 1882 1334 χερί
1891 1242 1936 1330 ,]
2143 1263 2245 1315 310

465 1342 714 1432 νόμιμά
744 1371 816 1413 τε
842 1343 1056 1432 πάσης
1081 1347 1485 1436 συγχέοντας
1503 1342 1811 1425 Ἑλλάδος

467 1452 719 1516 παῦσαι
737 1469 752 1484 ·
784 1444 858 1515 τὸ
887 1446 1015 1536 γάρ
1044 1472 1148 1515 τοι
1175 1448 1461 1534 συνέχον
1488 1444 1875 1535 ἀνθρώπων
1901 1444 2124 1527 πόλεις

465 1543 650 1618 τοῦτ’
686 1544 862 1633 ἔσθ’,
892 1544 1056 1617 ὅταν
1084 1577 1182 1629 τις
1213 1547 1370 1628 τούς
1397 1548 1649 1636 νόμους
1676 1549 1849 1637 σώζῃ
1876 1558 2112 1631 καλῶς.

469 1652 612 1739 ἐρεῖ
633 1649 709 1719 δὲ
736 1650 821 1738 δή
847 1676 945 1730 τις
972 1646 1062 1731 ὥς
1088 1647 1420 1741 ἀνανδρίᾳ
1446 1657 1685 1739 χερῶν,

469 1751 659 1821 πόλει
687 1750 904 1841 παρόν
931 1774 1038 1820 σοι
1063 1754 1401 1839 στέφανον
1430 1749 1734 1833 εὐκλείας
1761 1759 2013 1839 λαβεῖν,
2144 1771 2242 1824 315

465 1859 692 1932 δείσας
719 1850 1035 1940 ἀπέστης,
1065 1855 1179 1921 καὶ
1206 1852 1369 1933 συὸς
1403 1853 1527 1941 μὲν
1555 1850 1799 1941 ἀγρίου

466 1951 726 2044 ἀγῶνος
751 1952 904 2042 ῆψω
935 1963 1200 2043 φαῦλον
1229 1951 1533 2042 ἀθλήσας
1560 1956 1791 2041 πόνον,

463 2049 549 2125 οὗ
577 2053 644 2126 δ’
680 2062 772 2137 εἰς
798 2057 1042 2146 κράνος
1067 2058 1409 2145 βλέψαντα
1436 2059 1548 2126 καὶ
1576 2057 1816 2145 λόγχης
1844 2056 2062 2145 ἀκμὴν

463 2165 634 2249 χρῆν
661 2161 1054 2247 ἐκπονῆσαι,
1087 2157 1308 2238 δειλὸς
1340 2154 1437 2228 (ὃν
1465 2161 1862 2249 ἐφηυρέθης.

467 2258 556 2348 μὴ
588 2257 734 2348 δῆτ’
769 2260 923 2348 ἐμός
953 2257 1020 2347 γ’
1057 2257 1186 2348 ὤν,
1219 2251 1275 2328 ὦ
1297 2262 1567 2348 τέκνον,
1599 2259 1849 2350 δράσῃς
1874 2258 2050 2331 τάδε.
2140 2279 2243 2332 320

467 2358 657 2453 ὁρᾷς,
689 2358 978 2450 ἄβουλος
1006 2357 1096 2442 ὥς
1123 2365 1657 2452 κεκερτομημένη

469 2478 605 2544 τοῖς
635 2469 1037 2553 κερτομοῦσι
1063 2461 1316 2553 γοργὸν
1344 2460 1433 2544 ὥς
1462 2461 1825 2551 ἀναβλέπει

463 2563 550 2653 σὴ
576 2573 847 2655 πατρίς;
878 2568 952 2634 έν
987 2563 1114 2655 γὰρ
1141 2579 1281 2644 τοῖς
1313 2564 1622 2636 πόνοισιν
1648 2561 1915 2647 αὔξεται
1932 2589 1946 2603 ·

463 2671 542 2736 αἱ
562 2664 628 2736 δ’
659 2665 898 2756 ἥσυχοι
924 2665 1232 2737 σκοτεινὰ
1258 2667 1674 2757 πράσσουσαι
1701 2667 1924 2747 πόλεις

461 2767 770 2840 σκοτεινὰ
797 2757 911 2838 κἀὶ
933 2771 1299 2856 βλέπουσιν
1327 2765 1837 2857 εὐλαβούμεναι.
2142 2788 2241 2840 325

464 2868 588 2940 οὐκ
619 2870 682 2941 εἴ
704 2885 1004 2961 νεκροῖσι
1034 2873 1148 2940 καὶ
1175 2873 1485 2958 γυναιξὶν
1516 2868 1788 2952 ἀθλίαις

463 2973 1042 3063 προσωφελήσων,
1075 2964 1130 3042 ὦ
1156 2975 1427 3061 τέκνον,
1456 2975 1923 3062 κεχρημέναις;

465 3071 554 3154 ὥς
586 3071 744 3144 οὔτε
770 3081 996 3162 ταρβῶ
1031 3073 1162 3145 σὺν
1190 3081 1348 3164 δίκῃ
1375 3071 1439 3144 σ’
1474 3071 1888 3163 ὁρμώμενον,

466 3175 751 3265 Κάδμου
776 3172 854 3246 θ’
889 3172 1115 3265 ὁρῶσα
1141 3175 1306 3246 λαὸν
1336 3167 1417 3244 εὖ
1445 3177 1849 3267 πεπραγότα,

463 3276 558 3347 ἔτ’
590 3275 802 3348 αὐτὸν
827 3275 995 3348 ἄλλα
1020 3275 1300 3366 βλήματ’
1335 3281 1409 3348 ἐν
1436 3278 1673 3367 κύβοις
1704 3287 1937 3368 βαλεῖν
2141 3292 2243 3347 330

467 3377 744 3450 πέποιθ’
773 3406 788 3421 ·
825 3377 861 3451 ὁ
891 3379 1021 3470 γὰρ
1047 3379 1208 3462 θεὸς
1237 3377 1433 3450 πάντ’
1466 3377 1872 3469 ἀναστρέφει
1899 3378 2121 3448 πάλιν.

461 3473 516 3551 ὦ
543 3483 826 3572 φιλτάτη
854 3511 1000 3572 μοι,
1031 3483 1208 3576 τῷδέ
1230 3479 1291 3550 τ’
1326 3493 1594 3573 εἴρηκας
1620 3489 1838 3562 καλῶς
