2492 3900
130 2270 263 2331 XO.

24 2441 26 2554 j
123 2475 259 2536 ΘΕ.

913 154 1361 251 ΑΛΚΗΣΤΙΣ
2038 144 2117 211 ll

345 327 590 417 μόνην·
621 333 999 417 προδοῦναι
1030 326 1156 414 γάρ
1204 322 1270 393 σ’
1303 321 1597 394 ὀκνοῦσα
1624 326 1736 394 καὶ
1770 322 1970 393 πόσιν
2030 339 2127 393 180

345 430 646 517 θνήσκω.
717 430 791 499 σὲ
818 424 882 497 δ’
920 424 1086 515 ἄλλη
1115 455 1212 508 τις
1242 426 1415 516 γυνὴ
1451 426 1857 514 κεκτήσεται,

349 530 648 620 σώφρων
673 531 796 619 μὲν
826 528 951 599 οὐκ
981 526 1066 599 ἂν
1093 538 1383 618 μᾶλλον,
1415 524 1695 617 εὐτυχὴς
1724 526 1787 598 δ’
1820 538 1997 611 ἴσως.

349 650 552 703 κυνεῖ
574 634 650 702 δὲ
676 641 1210 723 προσπίτνουσα,
1246 639 1383 703 πᾶν
1412 632 1487 701 δὲ
1514 634 1789 719 δέμνιον

351 734 923 826 ὀφθαλμοτέγκτῳ
955 734 1224 804 δεύεται
1252 739 1690 825 πλημμυρίδι.

352 839 496 907 ἐπεὶ
527 837 602 906 δὲ
630 844 899 907 πολλῶν
934 836 1255 925 δακρύων
1286 836 1461 925 εἶχεν
1487 836 1716 925 κόρον,
2030 849 2127 905 185

353 945 596 1026 στείχει
626 936 986 1027 προνωπὴς
1015 942 1391 1009 ἐκπεσοῦσα
1420 944 1738 1025 δεμνίων,

349 1039 703 1111 καὶπολλὰ
741 1036 1076 1127 θαλάμων
1113 1038 1357 1123 έξιοῦσ’
1400 1038 1776 1126 ἐπεστράφη

348 1140 680 1230 κᾶρριψεν
707 1138 920 1228 αὐτὴν
947 1136 1153 1222 αὖθις
1184 1148 1278 1223 εἰς
1304 1150 1536 1230 κοίτην
1563 1141 1783 1210 πάλιν.

354 1250 586 1323 παῖδες
615 1243 690 1313 δὲ
719 1246 993 1312 πέπλων
1019 1243 1266 1332 μητρὸς
1295 1246 1721 1332 ἐξηρτημένοι

354 1352 652 1415 ἔκλαιον·
684 1337 726 1433 ἢ
755 1344 830 1413 δὲ
858 1342 1274 1433 λαμβάνουσ’
1307 1349 1373 1425 ἐς
1407 1343 1698 1433 ἀγκάλας
2030 1359 2130 1415 190

352 1444 656 1535 ἠσπάζετ’
689 1443 912 1516 ἄλλοτ’
946 1442 1185 1533 ἄλλον,
1218 1443 1307 1527 ὥς
1334 1450 1744 1536 θανουμένη.

353 1549 594 1629 πάντες
622 1546 687 1617 δ’
724 1556 992 1618 ἔκλαιον
1018 1551 1268 1618 οἰκέται
1296 1548 1462 1618 κατὰ
1489 1552 1723 1636 στέγας

354 1652 716 1720 δέσποιναν
747 1658 1205 1739 οἰκτείροντες.
1263 1645 1303 1739 ἢ
1334 1651 1409 1720 δὲ
1439 1649 1666 1734 δεξιὰν

357 1749 690 1841 προύτειν’
725 1752 1010 1844 ἑκάστῳ,
1047 1750 1274 1833 κοῧτις
1300 1744 1387 1840 ἦν
1416 1750 1592 1822 οὕτω
1622 1750 1823 1832 κακὸς

361 1849 440 1921 ὃν
467 1850 546 1922 οὐ
579 1869 898 1942 προσεῖπε
927 1856 1040 1923 καὶ
1067 1854 1501 1943 προσερρήθη
1530 1854 1754 1923 πάλιν.
2029 1869 2129 1922 195

352 1954 606 2025 τοιαῦτ’
641 1960 716 2026 ἐν
743 1967 949 2038 οἴκοις
977 1958 1158 2026 ἐστὶν
1180 1954 1509 2044 Ἀδμήτου
1543 1957 1733 2024 κακά.

355 2060 467 2126 καὶ
494 2059 858 2129 κατθανών
887 2055 934 2126 τ’
970 2054 1056 2127 ἂν
1086 2053 1296 2146 ὤλετ’,
1340 2057 1661 2146 ἐκφυγών
1694 2055 1759 2126 δ’
1795 2064 1926 2145 ἔχει

353 2167 678 2229 τοσοῦτον
705 2157 927 2247 ἄλγος,
966 2156 1206 2229 οὔποθ’
1241 2151 1326 2229 οὗ
1355 2159 1719 2247 λελήσεται.

353 2251 398 2350 ἦ
423 2289 560 2331 που
588 2262 882 2345 στενάζει
908 2259 1146 2330 τοισίδ’
1160 2259 1490 2350 ’Ἀδμητος
1518 2277 1780 2350 κακοῖς,

357 2367 602 2451 ἐσθλῆς
629 2363 953 2451 γυναικὸς
989 2371 1056 2432 εί
1083 2372 1504 2454 στερηθῆναί
1522 2387 1654 2451 σφε
1682 2362 1808 2453 χρή
1823 2395 1842 2448 3
2028 2381 2132 2434 200

353 2472 571 2534 κλαίει
604 2463 657 2552 γ’
694 2463 950 2535 ἄκοιτιν
981 2468 1056 2534 ἐν
1081 2480 1311 2556 χεροῖν
1340 2474 1549 2554 φίλην
1579 2474 1769 2553 ἔχων,

352 2569 466 2636 καὶ
493 2567 582 2656 μὴ
621 2574 996 2658 προδοῦναι
1025 2573 1343 2654 λίσσεται,
1374 2566 1717 2655 τάμήχανα

353 2677 592 2757 ζητῶν·
629 2677 868 2757 φθίνει
896 2668 1025 2760 γὰρ
1055 2671 1168 2738 καὶ
1195 2677 1588 2759 μαραίνεται
1615 2669 1817 2759 νόσῳ,

353 2775 717 2863 παρειμένη
748 2774 856 2856 δέ,
892 2769 1113 2860 χειρὸς
1147 2768 1393 2842 ἄθλιον
1419 2772 1644 2862 βάρος.

356 2869 536 2961 ὅμως
565 2875 641 2944 δὲ
667 2881 908 2997 καίπερ
939 2872 1225 2962 σμικρὸν
1256 2871 1601 2962 ἐμπνέουο)
1636 2881 1732 2944 ἔτι
2036 2887 2136 2939 205

352 2977 598 3063 βλέψαι
624 2973 791 3066 πρὸς
818 2971 1031 3062 αυγὰς
1058 2975 1374 3063 βούλεται
1402 2975 1517 3057 τὰς
1551 2973 1767 3064 ἡλίου.

354 3073 498 3147 ἀλλ’
541 3076 674 3166 εἶμι
701 3078 815 3146 καὶ
841 3075 969 3164 σὴν
996 3074 1259 3164 ἀγγελῶ
1288 3086 1697 3167 παρουσίαν

351 3206 435 3248 ου
465 3179 594 3269 γάρ
625 3207 689 3248 τι
718 3179 960 3258 πάντες
992 3206 1069 3248 ευ
1101 3187 1434 3268 φρονοῦσι
1462 3180 1823 3270 κοιράνοις,
2039 3191 2141 3244 210

327 3397 404 3464 ὥς
440 3393 640 3455 οὔποτ’
672 3389 878 3470 αὖθις,
909 3397 1050 3456 ἀλλὰ
1077 3403 1186 3457 νῦν
1218 3398 1580 3457 πανύστατον
2032 3401 2135 3457 207

329 3483 537 3540 ἀκτῖνα
566 3481 778 3542 κύκλον
801 3483 866 3539 θ’
899 3481 1066 3555 ἡλίου
1094 3484 1467 3557 προσόψεται.
