2492 3900
562 176 976 236 ΗΡΑΚΛΗΣ
1014 179 1647 270 ΜΑΙΝΟΜΕΝΟΣΙ
1991 180 2117 244 339

337 345 426 428 ὡς
456 346 758 429 ἐξέπειθε
785 342 906 413 τὸν
933 347 1468 432 κατασπείραντά
1494 374 1576 434 με
1599 368 1613 382 ·

334 456 430 529 εἰς
456 444 686 528 δεξιὰν
713 446 788 516 δὲ
816 444 944 535 σὴν
975 443 1410 538 ἀλεξητήριον
2012 465 2116 521 470

332 551 537 634 ξύλον
564 554 794 617 καθίει
822 549 1172 619 Δαιδάλου
1191 603 1210 637 ,
1239 555 1461 638 ψευδῆ
1491 550 1702 620 δόσιν.

333 655 441 726 σοὶ
468 649 532 721 δ’
566 647 656 739 ἢν
683 656 920 743 ἔπερσε
949 665 1083 731 τοῖς
1113 641 1460 741 ἑκηβόλοις
1488 653 1645 722 ποτὲ

330 755 574 837 τόξοισι
603 751 849 822 δαίσειν
879 759 1203 840 Οἰχαλίαν
1229 752 1571 843 ὑπέσχετο.

332 872 509 947 τρεῖς
538 852 599 925 δ’
641 851 837 936 ὄντας
889 852 1063 944 ὑμᾶς
1115 857 1498 945 τριπτύχοις
1525 863 1875 947 τυραννίσι

332 957 548 1047 πατὴρ
579 957 880 1048 ἐπύργου
905 960 1076 1047 μέγα
1104 966 1383 1048 φρονῶν
1414 956 1737 1050 εὐανδρίᾳ
1755 979 1768 993 ·
2009 975 2111 1032 475

331 1059 462 1151 ἐγώ
493 1062 568 1130 δὲ
595 1059 868 1148 νύμφας
894 1057 1487 1150 ἠκροθινιαζόμην,

330 1164 502 1252 κήδη
530 1159 932 1249 σννάψουσ’,
963 1169 1036 1232 ἔκ
1065 1160 1114 1233 τ’
1141 1161 1525 1252 Ἀθηναίων
1549 1162 1797 1251 χθονὸς

327 1264 645 1357 Σπάρτης
671 1292 742 1334 τε
773 1271 1021 1353 Θηβῶν
1047 1263 1149 1353 θ’,
1184 1263 1274 1346 ὡς
1300 1263 1665 1354 ἀνημμένοι
1693 1266 1909 1350 κάλῳς

328 1373 806 1459 πρυμνησίοισι
835 1374 992 1455 βίον
1016 1364 1202 1455 ἔχοιτ’
1238 1365 1627 1456 εὐδαίμονα.

329 1473 445 1540 καὶ
471 1477 680 1539 ταῦτα
711 1475 1013 1561 φροῦδα·
1047 1477 1515 1559 μεταβαλοῦσα
1545 1466 1610 1539 δ’
1643 1465 1684 1558 ἡ
1712 1470 1876 1559 τύχη
2006 1488 2111 1543 480

328 1569 602 1661 νύμφας
634 1571 759 1660 μὲν
786 1568 951 1660 ὑμῖν
976 1579 1208 1664 Κῆρας
1236 1569 1563 1644 ἀντέδωκ’
1605 1579 1802 1660 ἔχειν,

330 1677 477 1760 ἐμοὶ
504 1674 581 1745 δὲ
609 1674 870 1764 δάκρυα
898 1675 1147 1765 λουτρά
1169 1698 1184 1713 ·
1215 1676 1545 1764 δύστηνος
1574 1681 1869 1765 φρενῶν.

327 1774 544 1867 πατὴρ
572 1776 648 1847 δὲ
675 1775 924 1865 πατρὸς
951 1778 1134 1868 ἑστιᾷ
1161 1777 1415 1867 γάμους
1443 1774 1581 1865 ὅδε,

320 1875 560 1968 ’Ἅιδην
587 1885 876 1967 νομίζων
904 1880 1263 1970 πενθερόν,
1294 1885 1497 1968 κῆδος
1526 1880 1789 1968 πικρόν.

328 1980 530 2070 ὤμοι,
559 1977 680 2050 τίν’
713 1977 909 2067 ὑμῶν
935 1988 1202 2069 πρῶτον
1227 1978 1273 2070 ἦ
1300 1980 1419 2053 τίν’
1452 1978 1740 2051 ὕστατον
2010 1995 2108 2052 485

326 2084 493 2172 πρὸς
521 2084 763 2173 στέρνα
789 2090 1048 2171 θῶμαι;
1076 2091 1168 2176 τῷ
1197 2084 1640 2174 προσαρμόσω
1670 2080 1911 2171 στόμα;

325 2194 509 2266 τίνος
536 2184 879 2273 λάβωμαι;
913 2192 1053 2266 πῶς
1080 2182 1166 2255 ἂν
1201 2184 1291 2268 ῶς
1318 2186 1773 2276 ξουθόπτερος

323 2292 602 2376 μέλισσα
631 2286 1092 2377 συνενέγκαιμ’
1126 2284 1212 2359 ἂν
1238 2294 1311 2359 έκ
1339 2290 1611 2359 πάντων
1643 2288 1865 2378 γόους,

328 2398 420 2471 εἰς
451 2394 526 2460 ἓν
556 2386 622 2458 δ’
656 2388 1002 2479 ένεγκοῦσ’
1037 2388 1303 2479 ἀθρόον
1329 2390 1657 2479 ἀποδοίην
1685 2390 1923 2479 δάκρυ.

327 2482 382 2561 ῶ
413 2488 690 2579 φίλτατ’,
724 2502 792 2562 εί
810 2520 909 2572 τις
937 2493 1246 2580 φθόγγος
1284 2493 1692 2564 εἰσακούεται
2002 2507 2106 2562 490

325 2600 601 2682 θνητῶν
626 2591 774 2684 παρ’
794 2590 1020 2684 Ἅιδῃ,
1051 2597 1158 2664 σοὶ
1184 2594 1359 2681 τάδ’,
1380 2593 1746 2683 Ἡράκλεις,
1779 2597 1950 2684 λέγω
1971 2617 1986 2632 ·

325 2696 611 2785 θνήσκει
639 2696 854 2786 πατὴρ
888 2693 1003 2777 σὸς
1030 2700 1144 2767 καὶ
1169 2695 1366 2784 τέκν’,
1398 2694 1683 2784 ὄλλυμαι
1714 2694 1781 2765 δ’
1820 2696 1972 2786 ἐγώ,

324 2794 369 2886 ἢ
395 2800 559 2888 πρὶν
586 2807 880 2887 μακαρία
908 2798 1020 2868 διὰ
1047 2796 1110 2868 σ’
1144 2798 1511 2889 ἐκλῃζόμην
1539 2805 1821 2886 βροτοῖς.

323 2896 601 2988 ἄρηξον,
631 2901 791 2969 ἐλθὲ
818 2902 932 2974 καὶ
957 2900 1114 2971 σκιὰ
1141 2902 1413 2990 φάνηθί
1433 2928 1543 2989 μοι
1563 2923 1576 2937 ·

326 2999 537 3090 ἄλκαρ
566 3001 696 3090 γὰρ
729 3001 954 3071 έλθῶν
984 3003 1219 3073 ἱκανὸν
1247 3000 1335 3073 ἀν
1360 3007 1587 3092 γένοιο
1614 3002 1703 3071 σύ
1722 3026 1736 3040 ·
1998 3017 2101 3073 495

325 3105 522 3175 κακοὶ
546 3104 674 3195 γάρ
705 3110 876 3175 εἰσιν
901 3112 972 3175 οἳ
991 3108 1190 3175 τέκνα
1217 3112 1556 3176 κτείνουσι
1590 3104 1693 3173 σά.

111 3216 256 3276 AM.
322 3204 409 3277 σὺ
435 3207 560 3295 μὲν
590 3204 670 3275 τὰ
699 3208 951 3296 νέρθεν
981 3205 1270 3300 εὐτρεπῆ
1299 3215 1532 3295 ποιοῦ,
1560 3207 1764 3295 γύναι
1782 3230 1797 3245 ·

324 3307 454 3397 ἐγῶ
487 3309 563 3379 δὲ
589 3306 680 3396 σ’,
715 3300 771 3378 ῶ
795 3316 963 3397 Ζεῦ,
998 3309 1154 3401 χεῖρ’
1186 3314 1254 3391 ές
1282 3308 1579 3399 οὐρανὸν
1609 3308 1821 3379 δικῶν

326 3408 548 3499 αὐδῶ,
585 3414 920 3481 τέκνοισιν
949 3422 1016 3481 εἴ
1035 3440 1098 3481 τι
1126 3412 1368 3485 τοισίδ’
1404 3412 1695 3502 ὠφελεῖν

323 3516 618 3603 μέλλεις,
647 3510 970 3605 ἀμύνειν,
1003 3512 1091 3597 ῶς
1116 3511 1249 3604 τάχ’
1288 3514 1496 3587 οὐδὲν
1528 3512 1847 3603 ἀρκέσεις.
2000 3527 2102 3582 500

1678 3613 1798 3675 22*
