2492 3900
303 172 427 234 318
1005 170 1549 231 ΗΡΑΚΛΕΙΔΑΙ
2004 5 2473 225 “

515 331 588 410 ὃς
611 327 824 398 πολλὰ
852 331 976 415 μὲν
1000 326 1120 397 τὸν
1143 325 1305 396 ὄνθ’
1334 326 1511 396 ὅπου
1546 326 1674 396 ’στὶ
1695 335 1827 397 νῦν
1850 332 2016 418 ἐμὰν

512 412 698 482 παῖδ’
685 411 1041 520 ἠξίωσας,
1067 440 1118 480 ω
1145 410 1505 518 πανοῦργ’,
1530 416 1924 500 ἐφυβρίσαι·

513 504 604 580 [τί
622 497 749 611 γὰρ
773 495 859 565 σύ
883 512 1109 566 κεῖνον
1134 494 1261 564 οὐκ
1286 501 1475 601 ἔτλης
1498 501 1907 600 καθυβρίσαι
1923 510 1967 586 3]

513 581 588 689 (ἐς
610 585 721 650 καὶ
744 580 902 669 παρ’
927 580 1161 689 ’Ἅιδην
1185 580 1399 661 ζωντά
1421 605 1533 648 νιν
1558 584 1946 671 κατήγαγες,

513 666 724 754 ὕδρας
742 665 1014 744 λέοντάς
1036 663 1093 732 τ’
1125 663 1568 746 ἐξαπολλύναι
1591 667 1805 772 λέγων
2216 686 2321 742 950

515 756 818 836 ἔπεμπες.
851 747 1019 817 ἄλλα
1043 747 1108 815 δ’
1137 743 1224 816 οἷ’
1255 750 1560 854 ἐμηχανω
1582 747 1755 818 κακὰ

512 841 681 940 σιγω
697 830 993 940 ·μακρὸς
1014 830 1143 919 γὰρ
1173 839 1396 919 μῦθος
1418 859 1506 900 αν
1529 833 1807 940 γένοιτό
1814 857 1949 921 μοι.

516 916 1363 1110 {32³³‘2205‘25252522232’2‘52
1376 917 1953 1082 ἷὲἐῗῃἝΞὶῒῶἷὙ

513 1085 803 1190 ἤλαυνες
825 1088 1041 1166 ἱκέτας
1069 1085 1411 1190 δαιμόνων
1434 1086 1880 1174 καθημένους,
2220 1104 2321 1159 955

517 1169 676 1248 τοὺς
696 1172 818 1278 μὲν
842 1172 1179 1277 γέροντας,
1203 1167 1363 1248 τοὺς
1385 1168 1459 1236 δὲ
1484 1176 1777 1278 νηπίους
1792 1175 1904 1238 ἔτι.

519 1252 668 1322 ἀλλ’
661 1248 891 1361 ηὗρες
915 1253 1166 1340 ανδρας
1187 1254 1298 1320 καὶ
1320 1251 1589 1339 πόλισμ’
1626 1253 2011 1341 ἐλεύθερον,

516 1342 583 1405 οι
611 1336 677 1404 σ’
713 1336 840 1405 οὐκ
864 1343 1148 1406 ἔδεισαν.
1173 1340 1281 1405 δεῖ
1298 1355 1372 1405 σε
1397 1349 1761 1406 κατθανεῖν
1761 1344 2023 1446 κακῶς,

515 1424 623 1488 καὶ
637 1420 1042 1524 κερδανεῖς
1015 1446 1306 1489 απαντα·
1343 1427 1511 1529 χρῆν
1545 1421 1671 1509 γὰρ
1696 1420 1821 1508 οὐχ
1844 1420 2014 1502 απαξ

515 1502 870 1612 θνήσκειν
864 1505 938 1570 σὲ
963 1505 1176 1573 πολλὰ
1200 1504 1446 1611 πήματ’
1475 1508 2003 1593 ἐξειργασμένον.
2222 1520 2329 1575 960

307 1594 498 1655 ΑΓΓ.
515 1586 643 1656 οὐκ
668 1587 804 1656 ἔστ’
833 1585 1130 1657 ἀνυστὸν
1153 1590 1354 1659 τόνδε
1377 1611 1484 1659 σοι
1506 1605 1962 1661 κατακτανεῖν.

312 1681 445 1740 AA.
520 1670 803 1751 αλλως”
759 1670 871 1760 αρ’
905 1670 1116 1741 αὐτὸν
1133 1676 1560 1780 αἰχμάλωτον
1582 1679 1864 1784 εἵλομεν.

517 1765 723 1842 εἴργει
748 1758 820 1824 δὲ
846 1755 928 1843 δὴ
953 1763 1050 1836 τίς
1072 1759 1271 1825 τόνδε
1294 1759 1410 1864 μὴ
1408 1769 1650 1828 θανεῖν
1671 1761 1910 1868 νόμος;

307 1846 502 1909 ΑΓΓ.
529 1855 666 1920 τοῖς
673 1845 887 1948 τῆσδε
916 1841 1135 1929 χώρας
1157 1843 1633 1953 προστάταισιν
1656 1843 1743 1913 οὐ
1766 1850 1965 1913 δοκεῖ.

305 1934 448 1994 ΑΛ.
516 1931 583 1993 τί
579 1923 706 2035 ‘5⁷2
721 1923 907 2008 τόδ’;
916 1925 1233 2031 ἐχθροὺς
1256 1926 1493 1995 τοισίδ’
1530 1925 1613 1997 οὐ
1638 1927 1847 1997 καλὸν
1870 1939 2176 2009 κτανεῖνς
2222 1941 2325 1997 965

303 2016 496 2077 ΑΓΓ.
517 2007 642 2096 οὐχ
666 2008 880 2079 οντιν’
908 2037 994 2077 αν
1018 2035 1095 2097 γε
1117 2009 1327 2119 §cave-²
1356 2014 1598 2080 ἕλωσιν
1623 2014 1698 2081 ἐν
1720 2012 1911 2100 μάχῃ.

305 2102 448 2161 ΑΛ.
517 2098 628 2161 καὶ
652 2100 860 2162 ταῦτα
890 2092 1168 2201 δόξανθ’
1203 2093 1434 2175 ’Ὕλλος
1455 2099 1865 2203 ἐξηνέσχετο,

305 2183 501 2245 ΑΓΓ.
521 2184 693 2280 χρῆν
741 2174 808 2245 δ’
837 2175 1075 2326 ὃαῦτόν
1087 2176 1345 2265 Ηοῖμαι
1372 2205 1451 2269 τῃ
1423 2178 1522 2247 δ’
1556 2178 1929 2288 ἀπιστῆσαι
1937 2184 2159 2263 χθονί.

304 2269 447 2328 ΑΛ.
520 2268 724 2369 χρῆν
714 2262 912 2327 τόνδε
935 2261 1026 2347 μὴ
1049 2267 1166 2347 ζῆν
1186 2264 1349 2348 μηδ’
1378 2208 1466 2331 ἔτ’
1513 2264 1788 2345 εἰσορᾶν
1833 2263 2022 2349 φαος.

305 2352 432 2413 ΑΓ
423 2351 498 2413 Γ
516 2343 656 2411 τότ’
686 2342 728 2429 ἠ
733 2345 982 2453 δικηθη
1006 2351 1277 2430 πρῶτον
1302 2344 1385 2415 οὐ
1410 2349 1651 2416 θανών
1671 2346 1807 2415 οδε.
2220 2360 2331 2416 970

305 2436 448 2497 ΑΛ.
523 2424 782 2497 οὔκουν
806 2433 875 2495 ἔτ
915 2430 1094 2496 ἐστὶν
1117 2431 1191 2499 ἐν
1211 2438 1395 2539 καλῷ
1418 2435 1659 2501 δοῦναι
1680 2436 1912 2537 δίκηνς

304 2518 497 2582 ΑΓΓ.
521 2510 648 2581 οὐκ
673 2517 811 2581 ἔστι
829 2520 1073 2582 τοῦτον
1095 2511 1277 2595 ὅστις
1299 2542 1386 2583 αν
1407 2515 1826 2584 κατακτάνοι.

303 2605 447 2665 ΑΛ.
522 2601 761 2704 ἔγωγε·
789 2605 1003 2667 καίτοι
1027 2601 1197 2685 φημὶ
1220 2627 1356 2687 καμ
1362 2598 1585 2668 ἐἷναί
1611 2626 1782 2669 τινα.

307 2687 503 2749 ΑΓΓ.
523 2680 780 2768 πολλὴν
795 2680 1068 2787 ὑφέξεις
1089 2687 1372 2792 μέμψιν,
1397 2689 1459 2751 εἰ
1483 2684 1773 2793 δράσεις
1772 2683 1945 2751 τόδε.

308 2772 450 2832 ΑΛ.
519 2772 698 2849 φιλω
722 2767 922 2832 πόλιν
945 2765 1161 2851 τήνδ’·
1191 2736 1399 2837 οὐδὲν
1424 2765 1869 2836 ἀντιλεκτέον.
2171 2810 2182 2826 -
2220 2778 2330 2835 975

509 2852 754 2913 τοῦτον
777 2845 842 2913 δ’
850 2850 1161 2932 ,ἐπείπερ
1184 2865 1408 2937 χεῖρας
1428 2844 1643 2956 ηλθεν
1668 2857 1761 2932 εἰς
1784 2852 1963 2938 ἐμάς,
2456 2860 2458 2863 ⁴

517 2925 645 2995 οὐκ
669 2935 806 2995 ἔστι
829 2937 1108 3035 θνητων
1131 2932 1314 3015 ὅστις
1338 2937 1764 3043 ἐξαιρήσεται.

517 3010 684 3096 πρὸς
707 3019 915 3081 ταῦτα
937 3012 1060 3101 τὴν
1083 3019 1463 3104 θρασεῖαν
1436 3019 1618 3126 όστις
1638 3017 1724 3089 ἄν
1742 3021 1950 3123 θέλῃ

519 3098 628 3163 καὶ
651 3094 774 3182 τὴν
795 3106 1192 3209 φρονοῦσαν
1212 3099 1503 3213 μεῖζον”
1460 3130 1502 3191 η
1526 3118 1819 3210 γυναῖκα
1835 3099 1958 3190 χρὴ

517 3182 820 3259 λέξει·τό
846 3182 910 3251 δ’
941 3188 1145 3271 ἔργον
1166 3212 1329 3255 τουτ
1372 3190 1549 3295 ἐμοὶ
1556 3189 1973 3293 πεπράξεται.
2222 3199 2329 3255 980

318 3268 452 3329 XO.
521 3266 750 3332 δεινόν
779 3294 842 3335 τι
865 3271 971 3337 καὶ
962 3273 1467 3377 συγγνωστόν,
1494 3300 1546 3340 ω
1573 3274 1811 3380 γύναι,
1839 3268 1905 3340 σ’
1935 3274 2067 3355 ἔχει

519 3359 712 3453 μῖσος
749 3351 916 3455 πρὸς
928 3352 1169 3459 ανδρα
1189 3353 1421 3459 τόνδε,
1446 3358 1813 3463 γιγνώσκω
1822 3360 2059 3432 καλως.

317 3435 447 3495 ΕΤ.
522 3431 608 3515 γύ
611 3458 720 3500 ναι
735 3435 944 3522 ,σάφ’
975 3446 1120 3505 ἴσθι
1149 3441 1238 3526 μή
1264 3466 1344 3525 με
1367 3439 1815 3509 θωπεύσοντά
1838 3456 1937 3525 σε,
