2492 3900
296 160 426 224 242
1105 161 1500 220 HAEKTPA

536 327 1023 418 Ἀγαμέμνονος
1054 324 1422 417 ποινάτορ’,
1457 322 1681 417 εἶργεν
1710 333 1784 398 ἐν
1813 330 2046 418 δόμοις

538 441 868 519 Αἴγισθος
899 426 1051 498 οὐδ’
1082 426 1324 516 ἥρμοζε
1350 437 1625 521 νυμφίω
1652 439 1805 500 τινί.

540 534 685 602 ἐπεὶ
711 531 789 602 δὲ
815 532 928 601 καὶ
958 529 1143 600 τοῦτ’
1180 519 1270 658 ῆν
1297 529 1518 619 φόβου
1543 539 1800 600 πολλοῦ
1829 535 2075 621 πλέων,
2255 553 2332 606 25

538 635 627 722 μή
654 661 746 726 τῳ
775 638 1119 721 λαθραίως
1144 633 1344 700 τέκνα
1371 639 1663 724 γενναίω
1695 635 1896 721 τέκοι,

540 749 812 805 κτανεῖν
840 754 969 821 σφε
996 731 1490 822 βουλεύσαντος
1518 728 1863 823 ωμόφρων
1888 731 2070 823 ὅμως

474 877 491 892 -
540 835 752 926 μήτηρ
781 862 895 904 νιν
925 834 1244 916 ἐξέσωσεν
1271 839 1611 921 Αἰγίσθου
1641 836 1853 924 χερός.

546 944 639 1018 εἰς
662 935 788 1024 μὲν
819 934 950 1025 γὰρ
983 929 1200 1024 ἄνδρα
1228 941 1480 1023 σκῆψιν
1509 931 1632 1022 εἶχ’
1663 932 1982 1025 ὀλωλότα,

538 1045 805 1109 παίδων
830 1033 899 1107 δ’
932 1043 1149 1108 ἔδεισε
1175 1034 1266 1124 μὴ
1296 1043 1685 1124 φθονηθείη
1714 1038 1929 1130 φόνῳ.
2257 1057 2336 1112 30

542 1145 613 1210 ἐκ
646 1145 862 1210 τῶνδε
891 1137 975 1226 δὴ
1005 1134 1261 1208 τοιόνδ’
1293 1138 1746 1227 ἐμηχανήσατο

544 1251 904 1331 Αἴγισθος·
941 1236 1016 1321 ὃς
1040 1240 1164 1328 μὲν
1189 1246 1312 1327 γῆς
1343 1236 1739 1327 ἀπηλλάχθη
1770 1240 1994 1329 φυγὰς

536 1341 1024 1432 Ἀγαμέμνονος
1051 1355 1238 1428 παῖς,
1274 1340 1530 1431 χρυσὸν
1559 1338 1700 1429 εἶφ’
1735 1338 1809 1422 ὃς
1838 1337 1924 1412 ἀν
1950 1343 2188 1433 κτάνῃ,

539 1442 701 1533 ἡμῖν
728 1445 804 1514 δὲ
831 1444 915 1532 δὴ
946 1449 1229 1514 δίδωσιν
1255 1439 1617 1532 Ἠλέκτραν
1645 1449 1822 1531 ἔχειν

540 1546 875 1635 δάμαρτα,
904 1547 1211 1634 πατέρων
1238 1544 1363 1632 μὲν
1388 1550 1819 1632 Μυκηναίων
1847 1543 1977 1615 άπο
2265 1565 2336 1618 35

545 1654 833 1736 γεγῶσιν
850 1667 867 1686 ·
900 1642 983 1716 ού
1013 1644 1097 1734 δὴ
1124 1646 1324 1716 τοῦτό
1349 1642 1416 1734 γ’
1448 1649 1897 1734 ἐξελέγχομαι·

544 1750 834 1840 λαμπροὶ
859 1746 987 1839 γὰρ
1019 1755 1112 1829 εἰς
1139 1749 1331 1835 γένος
1359 1775 1468 1836 γε,
1496 1748 1850 1836 χρημάτων
1878 1777 1957 1836 γε
1983 1747 2120 1837 μὴν

542 1853 851 1938 πένητες,
889 1857 1095 1920 ἔνθεν
1118 1846 1422 1938 ηὑγένει’
1457 1847 1858 1919 ἀπόλλυται·

546 1951 636 2036 ὡς
662 1951 945 2025 ἀσθενεῖ
968 1952 1129 2035 δοὺς
1158 1948 1416 2039 ἀσθενῆ
1450 1952 1642 2041 λάβοι
1671 1951 1910 2040 φόβον.

545 2064 608 2128 εἰ
634 2056 761 2146 γάρ
788 2085 903 2126 νιν
931 2063 1120 2144 ἔσχεν
1148 2051 1381 2142 ἀξίωμ’
1417 2060 1589 2141 ἔχων
1616 2048 1806 2143 ἀνήρ,
2268 2072 2340 2125 40

549 2155 817 2228 εὕδοντ’
850 2153 937 2227 ἀν
963 2157 1258 2245 ἐξήγειρε
1284 2155 1403 2225 τὸν
1430 2153 1916 2245 Ἀγαμέμνονος

543 2260 761 2349 φόνον
789 2264 943 2346 δίκη
971 2254 1029 2326 τ’
1066 2254 1149 2327 ἂν
1175 2249 1390 2345 ἦλθεν
1418 2264 1730 2349 Αἰγίσθῳ
1758 2254 1926 2325 τότε.

544 2358 632 2449 ἢν
660 2356 908 2429 οὔποθ’
945 2355 1116 2448 ἀνὴρ
1145 2355 1295 2445 ὅδε,
1324 2358 1605 2428 σύνοιδέ
1629 2386 1744 2447 μοι
1770 2357 2038 2445 Κύπρις

544 2462 863 2556 [ᾔσχυνεν
900 2458 1093 2549 εὐνῇ·
1126 2460 1468 2547 παρθένος
1497 2458 1560 2529 δ’
1599 2458 1692 2529 ἔτ’
1729 2460 1868 2526 ἐστὶ
1895 2456 2028 2542 δή].

546 2563 943 2653 αἰσχύνομαι
968 2561 1096 2652 γὰρ
1127 2558 1380 2650 ὀλβίων
1406 2559 1678 2651 ἀνδρῶν
1705 2560 1905 2630 τέκνα
2268 2580 2339 2631 45

546 2665 774 2757 λαβών
802 2663 1132 2756 ὑβρίζειν,
1164 2661 1246 2733 οὐ
1275 2663 1578 2746 κατάξιος
1604 2662 1837 2751 γεγοός.

552 2767 728 2854 σέβω
766 2767 842 2836 δὲ
875 2764 997 2835 τόν
1039 2766 1295 2853 λόγοισι
1321 2762 1672 2853 κηδεύοντ’
1707 2765 1847 2851 ἐμοὶ

547 2867 791 2938 ἄθλιον
812 2866 1159 2958 Ὀρέστην,
1190 2876 1261 2935 εἴ
1279 2864 1428 2936 ποτ’
1463 2864 1816 2955 εἰς”Αργος
1841 2861 2068 2953 μολών

543 2970 799 3059 γάμους
828 2966 1121 3057 ἀδελφῆς
1150 2974 1500 3056 δυστυχεῖς
1521 2968 1847 3053 ἐσόψεται.

549 3070 729 3153 ὅστις
756 3074 835 3141 δέ
856 3068 927 3161 μ’
970 3070 1147 3141 εἷναί
1171 3092 1336 3158 φησι
1363 3078 1592 3160 μῶρον
1622 3075 1685 3139 εί
1708 3065 1937 3155 λαβών
2069 3132 2078 3139 .
2271 3086 2343 3137 50

542 3177 709 3245 νέαν
735 3177 800 3254 ἐς
829 3184 1057 3254 οἴκους
1089 3174 1434 3261 παρθένον
1462 3170 1550 3260 μὴ
1577 3170 1906 3260 θιγγάνω,

546 3276 814 3365 γνώμης
842 3291 1156 3365 πονηροῖς
1184 3273 1466 3344 κανόσιν
1494 3270 2073 3361 ἀναμετρούμενος

547 3376 622 3448 τὸ
651 3385 927 3466 σῶφρον
954 3387 1112 3446 ἴστω
1142 3373 1388 3456 καύτὸς
1422 3376 1507 3445 ἂν
1530 3381 1829 3454 τοιοῦτος
1864 3367 1982 3441 ὥν.

316 3488 464 3549 ΗΛ.
550 3471 605 3548 ὦ
629 3478 751 3562 νὺξ
779 3480 1088 3566 μέλαινα,
1118 3480 1422 3564 χρυσέων
1447 3474 1711 3563 ἄστρων
1740 3476 1970 3563 τροφέ,
