2492 3900
145 453 188 514 I
185 451 260 512 P.

617 169 1034 228 ,ΗΡΑΚΛΗΣ
1071 169 1690 228 ΜΑΙΝΟΜΕΝΟΣ
2052 169 2175 234 351

388 339 498 407 σοὶ
527 333 592 406 δ’
629 332 712 405 οὐ
742 341 1051 426 παραινῶ
1078 333 1334 422 μεγάλα
1361 332 1735 424 βούλεσθαι
1761 338 1953 407 κακά.

390 438 480 528 μὴ
501 435 588 508 σύ
607 439 922 508 νουθέτει
943 437 1023 506 τά
1041 435 1114 506 θ’
1129 432 1343 526 ’Ἠρας
1364 434 1541 526 κάμὰ
1558 440 2012 529 μηχανήματα,
2074 459 2176 512 855

147 551 353 616 ΛΤΤ.
394 549 488 624 είς
515 538 588 610 τὸ
621 546 880 633 λῷστον
910 535 1238 628 ἐμβιβάζω
1268 536 1333 607 σ’
1368 549 1548 627 ῖχνος
1586 538 1737 611 ἀντὶ
1778 549 1898 613 τοῦ
1938 551 2173 614 κακοῦ.

151 655 261 716 IP.

386 640 538 731 οῦχὶ
566 654 952 731 σωφρονεῖν
979 637 1034 730 γ’
1068 647 1320 730 ἔπεμψε
1354 642 1560 733 δεῦρό
1588 640 1641 714 σ’
1674 641 1903 732 ἡΔιὸς
1933 645 2172 736 δάμαρ.

155 742 608 817 ΛΤΤ.”Ἠλιον
635 743 1158 834 μαρτυρόμεσθα
1191 741 1390 833 δρῶὅ
1425 740 1468 813 ἃ
1502 751 1673 836 δρᾶν
1708 743 1791 816 οὐ
1827 747 2173 835 βούλομαι.

159 2994 216 3061 Χ
221 2998 301 3061 0.

391 854 454 918 εί
494 847 570 917 δὲ
611 847 696 935 δή
735 843 794 934 μ’
823 842 1001 938 ’Ἡρα
1039 844 1119 914 θ’
1166 842 1543 936 ὑπουργεῖν
1583 855 1698 918 σοί
1717 845 1764 917 τ’
1798 845 2175 938 ἀναγκαίως

1070 955 1206 1036 ἔχει
2072 967 2175 1022 859

387 1050 579 1138 τάχος
599 1053 1037 1140 ἐπιρροίβδην
1055 1047 1124 1119 θ’
1147 1047 1465 1140 ὁμαρτεῖν
1484 1048 1572 1132 ὥς
1590 1053 1926 1141 κυνηγέτῃ
1943 1053 2174 1140 κύνας,

387 1151 530 1241 εἶμί
550 1149 604 1242 γ’
632 1175 646 1190 ·
699 1149 858 1222 οῦτε
885 1151 1126 1234 πόντος
1161 1149 1341 1222 οὕτω
1370 1153 1618 1242 κύμασι
1645 1156 1901 1224 στένων
1929 1155 2175 1245 λάβρος

389 1251 546 1324 οὔτε
590 1261 713 1344 γῆς
768 1253 1036 1405 σεισμὸς
1088 1263 1430 1384 κεραυνοῦ
1486 1253 1553 1325 τ’
1612 1254 1872 1346 οἶστρος
1928 1253 2174 1339 ὠδῖνας

1070 1359 1318 1444 πνέων,

393 1454 480 1529 οἷ’
501 1464 629 1547 ἐγω
651 1461 886 1530 στάδια
908 1464 1291 1548 δραμοῦμαι
1320 1462 1599 1549 στέρνον
1629 1467 1722 1542 εἰς
1738 1457 2142 1550 Ἡρακλέους

388 1563 502 1631 καὶ
529 1560 918 1652 καταρρήξω
946 1564 1254 1652 μέλαθρα
1280 1564 1395 1632 καὶ
1421 1561 1672 1650 δόμους
1698 1565 2070 1652 έπεμβαλω,

390 1661 559 1733 τέκν’
594 1659 1041 1734 ἀποκτείνασα
1070 1671 1369 1753 πρῶτον·
1406 1662 1444 1732 ὸ
1433 1664 1545 1735 δὲ
1575 1692 1805 1736 κανων
1839 1662 1965 1735 οὐκ
1999 1675 2173 1735 εἴσε-

1073 1794 1180 1835 ται
2072 1783 2173 1838 865

391 1872 634 1948 παῖδας
680 1863 800 1946 οὓς
828 1863 1016 1936 ἔτικτ’
1055 1871 1379 1994 ἐναίρων,
1424 1870 1585 1959 πρὶν
1628 1865 1713 1938 ἄν
1741 1867 1899 1957 ἐμὰς
1927 1868 2175 1949 λύσσας

1073 1996 1236 2059 αφῃ.

387 2068 473 2159 ἢν
502 2069 655 2143 ίδού
684 2072 798 2141 καὶ
829 2068 912 2158 δὴ
941 2070 1238 2141 τινάσσει
1267 2077 1477 2161 κρᾶτα
1503 2077 1850 2160 βαλβίδων
1881 2070 2011 2144 ἄπο

386 2177 500 2244 καὶ
530 2172 982 2263 διαστρόφους
1011 2176 1258 2245 ἑλίσσει
1284 2189 1440 2265 σῖγα
1468 2172 1864 2267 γοργωποὺς
1890 2174 2113 2266 κόρας.

391 2274 690 2365 ἀμπνοὰς
712 2273 778 2346 δ’
811 2271 896 2345 οῦ
917 2284 1340 2367 σωφρονίζει,
1371 2285 1618 2367 ταῦρος
1648 2273 1736 2358 ὥς
1769 2281 1835 2358 ές
1862 2278 2171 2367 ἐμβολήν,

392 2378 584 2449 δεινὰ
625 2385 916 2467 μυκᾶται
957 2379 1033 2448 δὲ
1073 2388 1303 2469 Κῆρας
1343 2378 1700 2450 ἀνακαλῶν
1752 2378 1867 2461 τὰς
1916 2380 2174 2469 Ταρτά-

1073 2509 1222 2570 ρου.
2069 2498 2174 2552 870

391 2583 550 2671 τάχα
571 2580 637 2653 σ’
665 2579 795 2671 ἐγώ
816 2588 1070 2670 μᾶλλον
1088 2584 1392 2673 χορεύσω
1407 2586 1520 2652 καὶ
1540 2584 1937 2671 καταυλήσω
1956 2583 2171 2676 φόβῳ.

388 2682 590 2774 στεῖχ’
638 2688 704 2766 ἐς
756 2680 1132 2773 Οὔλυμπον
1183 2683 1607 2775 πεδαίρουσ’,
1642 2676 1796 2777 Ἶρι,
1856 2700 2174 2773 γενναῖον

1074 2786 1249 2857 πόδα
1267 2810 1282 2825 ·

391 2896 484 2970 εἰς
497 2889 743 2978 δόμους
757 2884 817 2959 δ’
834 2884 1022 2977 ἡμεῖς
1037 2885 1328 2979 ἄφαντοι
1348 2888 1723 2979 δυσόμεσθ’
1747 2887 2170 2983 Ἡρακλέους.

383 2988 709 3080 ὀτοτοτοῖ,
739 2994 1051 3075 στέναξον
1067 3015 1080 3029 ·
1119 2990 1546 3085 ἀποκείρεται
2069 3008 2171 3063 875

389 3090 513 3164 σὸν
540 3091 754 3184 ἄνθος
781 3093 1052 3183 πόλεος,
1090 3092 1125 3163 ὃ
1155 3094 1325 3177 Διὸς
1353 3101 1646 3183 ἔκγονος.

385 3198 617 3283 μέλεος
636 3193 897 3283 Ἑλλάς,
927 3192 971 3265 ἃ
1000 3196 1119 3267 τὸν
1150 3195 1513 3287 εὐεργέταν

386 3295 776 3386 ἀποβαλεῖς,
811 3295 987 3381 ὀλεῖς
1014 3300 1334 3387 μανιάσιν
1362 3299 1636 3383 λύσσαις

381 3398 777 3489 χορευθέντ’
811 3398 1150 3484 άναύλοις.

381 3504 674 3591 βέβακεν
703 3507 779 3573 έν
810 3509 1156 3595 δίφροισιν
1183 3502 1226 3575 ἁ
1257 3504 1688 3590 πολύστονος,
2064 3509 2170 3566 880
2300 3538 2303 3541 ’
