2492 3900
1032 164 1331 224 ΕΛΕΝΗ
2069 168 2186 230 207

410 335 526 404 καὶ
555 331 928 420 λαμπάδων
955 330 1336 420 μεμνήμεθ’
1373 329 1450 412 ἃς
1477 335 1859 423 τετραόροις

407 441 637 514 ἵπποις
663 433 997 523 τροχάζων
1028 436 1414 524 παρέφερον
1434 457 1448 471 ·
1481 433 1567 503 σύ
1597 433 1665 504 δ’
1707 440 1779 506 ἐν
1809 442 2080 529 δίφροις

407 536 537 606 σὺν
564 541 737 628 τῷδε
766 536 999 624 νύμφη
1028 534 1194 626 δῶμ’
1232 543 1487 617 ἔλειπες
1515 534 1767 626 ὄλβιον.
2093 525 2192 612 725

406 637 609 720 κακὸς
636 635 766 727 γὰρ
798 635 977 718 ὅστις
1004 637 1095 726 μὴ
1122 640 1304 726 σέβει
1330 637 1412 707 τὰ
1443 645 1790 710 δεσποτῶν

407 743 520 810 καὶ
546 741 927 829 ξυγγέγηθε
955 743 1069 810 καὶ
1094 747 1460 810 συνωδίνει
1488 757 1736 822 κακοῖς.

411 840 543 932 ἐγῶ
578 844 703 931 μὲν
736 852 918 931 εἴην,
954 849 1063 912 κεί
1094 839 1344 930 πέφυχ’
1377 839 1556 931 ὅμως
1583 843 1830 935 λάτρις,

409 949 483 1015 ἐν
511 961 683 1015 τοῖσι
708 952 1125 1032 γενναίοισιν
1150 941 1608 1033 ἠριθμημένος

410 1045 745 1134 δούλοισι,
779 1043 1057 1134 τοῦνομ’
1090 1042 1215 1116 ούκ
1246 1053 1418 1135 ἔχων
1445 1046 1834 1136 ἐλεύθερον,
2093 1066 2198 1120 730

410 1147 529 1219 τὸν
556 1155 729 1218 νοῦν
758 1150 837 1218 δέ
850 1171 865 1186 ·
906 1163 1222 1238 κρεῖσσον
1249 1146 1379 1238 γὰρ
1412 1146 1560 1217 τόδ’
1594 1144 1638 1237 ἢ
1667 1154 1866 1219 δυοῖν
1895 1168 2128 1221 κακοῖν

289 1251 296 1256 ’
412 1247 512 1322 ἕν’
542 1248 707 1322 ὄντα
736 1259 1027 1340 χρῆσθαι
1046 1303 1065 1337 ,
1095 1248 1210 1330 τὰς
1238 1253 1494 1339 φρένας
1521 1248 1582 1320 τ’
1615 1258 1792 1338 ἔχειν
1817 1252 2027 1333 κακὰς

179 1464 336 1524 ΜΕ.

408 1350 633 1422 ἄλλων
663 1350 722 1422 τ’
756 1349 1033 1422 ἀκούειν
1060 1358 1312 1422 δοῦλον
1340 1349 1502 1421 ὄντα
1531 1359 1669 1421 τῶν
1696 1356 1916 1435 πέλας.

412 1453 521 1542 ἄγ’
556 1445 610 1527 ὦ
638 1457 899 1545 γεραιέ,
932 1451 1144 1524 πολλὰ
1172 1454 1298 1542 μὲν
1325 1450 1484 1543 παρ’
1523 1452 1771 1524 ἀσπίδα

406 1554 779 1645 μοχθήματ’
818 1559 1177 1644 ἐξέπλησας
1203 1558 1514 1626 ἐκπονῶν
1543 1561 1709 1646 ἐμοί,
2095 1575 2194 1631 735

410 1661 523 1728 καὶ
548 1665 683 1728 νῦν
709 1656 1056 1747 μετασχών
1083 1664 1196 1746 τῆς
1224 1661 1384 1746 ἐμῆς
1413 1655 1773 1745 εὐπραξίας

414 1759 729 1849 ἄγγειλον
756 1757 982 1830 ἐλθῶν
1012 1775 1151 1840 τοῖς
1178 1763 1630 1848 λελειμμένοις
1659 1769 1881 1848 φίλοις

410 1860 557 1932 τάδ’
593 1860 681 1944 ῶς
710 1859 941 1951 ἔχονθ’
970 1857 1270 1952 ηὕρηκας
1299 1857 1385 1932 οὗ
1409 1865 1468 1931 τ’
1497 1861 1694 1949 ἐσμὲν
1725 1860 1947 1953 τύχης,

412 1968 642 2053 μένειν
668 1962 734 2033 τ’
770 1962 874 2034 ἐπ’
910 1962 1140 2044 ἀκταῖς
1166 1963 1324 2043 τούς
1354 1960 1415 2033 τ’
1449 1962 1650 2051 ἐμοὺς
1678 1972 2080 2054 καραδοκεῖν

414 2065 679 2154 ἀγῶνας
706 2072 775 2135 οἳ
796 2069 1087 2155 μένουσί
1108 2062 1209 2152 μ’,
1240 2060 1332 2146 ῶς
1360 2069 1727 2153 ἐλπίζομεν,
2095 2085 2199 2142 740

413 2176 523 2238 κεί
552 2170 753 2256 τήνδε
782 2195 921 2249 πως
951 2164 1318 2254 δυναίμεθ’
1353 2170 1668 2247 ἐκκλέψαι
1695 2170 1962 2259 χθονός,

414 2286 745 2361 φρουρεῖν
773 2267 951 2350 ὅπως
980 2266 1064 2338 ἂν
1096 2274 1187 2349 εἰς
1217 2266 1293 2339 ἓν
1321 2269 1636 2347 ἐλθόντες
1666 2268 1866 2359 τύχης

414 2376 486 2443 ἐκ
515 2374 879 2463 βαρβάρων
912 2379 1246 2459 σωθῶμεν
1266 2422 1285 2458 ,
1315 2366 1402 2459 ἦν
1427 2370 1816 2459 δυνώμεθα.

181 2484 379 2547 ΑΓΓ.
415 2482 597 2545 ἔσται
624 2472 803 2562 τάδ’,
836 2466 1033 2557 ῶναξ.
1064 2470 1231 2542 ἀλλά
1259 2500 1360 2542 τοι
1391 2472 1472 2542 τὰ
1501 2475 1806 2561 μάντεων

418 2581 681 2647 ἐσεῖδον
712 2573 801 2660 ὥς
831 2572 1039 2667 φαῦλ’
1075 2578 1211 2645 ἐστὶ
1239 2577 1354 2643 καὶ
1384 2581 1662 2657 ψευδῶν
1688 2578 1876 2644 πλέα.
2098 2592 2198 2649 745

285 2684 294 2689 “
417 2676 548 2749 οὐκ
604 2670 692 2767 ἦν
721 2676 831 2769 ἀρ’
865 2675 1049 2765 ὑγιὲς
1078 2673 1286 2746 οὐδὲν
1313 2674 1618 2765 ἐμπύρου
1651 2675 1899 2765 φλογὸς

410 2780 574 2852 οὐδὲ
602 2787 963 2870 πτερωτῶν
992 2775 1332 2868 φθέγματ’
1361 2802 1374 2815 ·
1435 2775 1680 2866 εὔηθες
1709 2780 1790 2847 δέ
1811 2804 1916 2847 τοι

416 2882 492 2952 τὸ
521 2884 635 2953 καὶ
662 2888 895 2953 δοκεῖν
922 2878 1207 2971 ὄρνιθας
1234 2877 1527 2970 ῶφελεῖν
1556 2880 1860 2970 βροτούς.

419 2985 685 3073 Κάλχας
710 2983 841 3075 γὰρ
870 2979 997 3052 ούκ
1034 2980 1167 3053 εἶπ’
1206 2979 1360 3052 οὐδ’
1392 2982 1679 3071 ἐσήμηνε
1706 2988 1965 3075 στρατῷ

416 3089 703 3175 νεφέλης
746 3084 1341 3175 ὑπερθνῄσκοντας
1383 3091 1668 3174 εἰσορῶν
1695 3092 1939 3172 φίλους
2101 3097 2202 3154 750

420 3186 571 3258 οὐδ’
595 3186 885 3274 Ἕλενος,
916 3183 1083 3256 ἀλλὰ
1114 3187 1304 3266 πόλις
1333 3183 1738 3277 ἀνηρπάσθη
1764 3185 1998 3274 μάτην.

420 3300 630 3372 εἴποις
661 3287 769 3377 ἄν,
800 3284 1028 3375 οὕνεχ’
1062 3284 1097 3357 ὁ
1128 3286 1293 3368 θεὸς
1328 3285 1456 3357 ούκ
1485 3285 1842 3378 ἠβούλετο·

418 3399 488 3461 τί
518 3398 686 3481 δῆτα
714 3390 1222 3481 μαντευόμεθας
1263 3405 1399 3470 τοῖς
1423 3401 1648 3459 θεοῖσι
1673 3394 1846 3478 χρῆν

419 3494 720 3574 θύοντας
748 3500 963 3562 αἰτεῖν
988 3488 1235 3579 ἀγαθά,
1267 3499 1580 3577 μαντείας
1609 3488 1674 3559 δ’
1715 3494 1832 3559 ἐᾶν
1851 3509 1866 3524 ·
