2492 3900
267 119 349 183 72

285 1214 406 1275 TP.

965 115 1525 177 ANAPOMAXH

503 286 817 377 ὁμιλῆσαι
851 287 1001 377 δορὶ
1031 284 1436 376 κλεινοτάτςο

501 392 614 459 καὶ
645 386 748 459 ἐπ’
773 386 1077 481 Ἀργῴου
1112 383 1313 477 δορὸς
1341 383 1579 469 ἄξενον
1607 381 1827 475 ὖγρᾶν

504 496 866 582 ἐκπερᾶσαι
894 488 1719 577 ποντιᾶν·Ξυμπληγάδων

501 592 778 663 κλεινὰν
806 594 914 662 ἐπὶ
930 598 1360 679 ναυστολίαν,

499 692 744 767 Ἰλιάδα
772 720 842 763 τε
871 693 1072 764 πόλιν
1101 690 1212 763 ὅτε
1241 693 1453 782 πάρος

509 795 868 884 εὐδόκιμος
905 794 1072 874 Διὸς
1110 793 1236 875 ἶνις

508 898 898 988 ἀμφέβαλεν
931 897 1148 989 φόνῳ,

505 999 742 1071 κοινὰν
771 998 896 1070 τάν
928 996 1244 1070 εὔκλειαν
1273 995 1488 1085 ἔχοντ’

504 1101 851 1194 Εύριόπαν
878 1099 1267 1191 ἀφικέσθαι.

513 1197 567 1274 ὦ
603 1212 916 1295 φίλταται
941 1218 1258 1293 γυναῖκες
1276 1254 1295 1290 ,
1328 1198 1416 1282 ὥς
1444 1199 1655 1272 κακὸν
1683 1209 1911 1273 κακῶν

510 1308 824 1395 διάδοχον
851 1310 926 1377 ἐν
952 1302 1102 1397 τῇδ’
1133 1301 1350 1397 ἡμέρᾳ
1378 1303 1809 1393 πορσύνεται.

511 1411 832 1479 δέσποινα
858 1408 986 1499 γὰρ
1016 1403 1162 1477 κατ’
1202 1405 1423 1494 οἶκον,
1452 1403 1807 1496 Ἑρμιόνην
1835 1407 2029 1493 λέγω,

514 1510 762 1601 πατρός
789 1506 851 1578 τ’
885 1513 1309 1600 ἐρημωθεῖσα
1338 1516 1623 1599 συννοίᾳ
1650 1505 1714 1578 θ’
1748 1505 1881 1596 ἅμα

514 1607 659 1681 οἶον
690 1615 1018 1701 δέδρακεν
1047 1616 1249 1697 ἔργον
1279 1608 1736 1701 Ἀνδρομάχην
1765 1624 2036 1679 κτανεῖν

512 1716 626 1783 καὶ
653 1720 860 1783 παῖδα
888 1712 1346 1803 βουλεύσασα,
1375 1724 1745 1783 κατθανεῖν
1771 1714 1981 1798 θέλει,

511 1816 713 1886 πόσιν
741 1818 1109 1905 τρέμουσα,
1140 1812 1230 1903 μὴ
1258 1810 1410 1884 ἀντὶ
1436 1822 1573 1884 τῶν
1602 1815 2035 1904 δεδραμένων

511 1922 583 1989 ἐκ
615 1915 818 1990 τῶνδ’
856 1916 1463 2008 ἀτίμως-δωμάτων
1492 1914 1831 2007 ἀποσταλῇ

511 2017 555 2109 ἢ
583 2022 891 2112 κατθάνῃ
920 2028 1276 2091 κτείνουσα
1304 2020 1461 2100 τοὺς
1488 2017 1572 2090 οὐ
1609 2018 1734 2110 χρὴ
1763 2032 2053 2088 κτανεῖν.

513 2123 702 2211 μόλις
729 2125 810 2192 δέ
830 2151 944 2192 νιν
971 2125 1316 2192 θέλουσαν
1343 2119 1624 2213 ἀρτῆσαι
1654 2125 1859 2212 δέρην

517 2235 819 2316 εἴργουσι
851 2224 1149 2313 φύλακες
1178 2229 1395 2313 δμῶες
1426 2231 1499 2294 ἔκ
1525 2251 1597 2294 τε
1628 2228 1847 2308 δεξιᾶς

511 2330 672 2413 ξίφη
701 2325 1249 2416 καθαρπάζουσιν
1279 2327 1757 2417 ἐξαιρούμενοι.

457 2509 470 2521 f
514 2424 692 2497 οὕτω
722 2435 1040 2515 μεταλγεϊ
1059 2425 1279 2498 καὶτὰ
1304 2430 1469 2518 πρὶν
1499 2430 1873 2519 δεδραμένα

517 2537 769 2618 ἔγνωκε
798 2527 1078 2621 πράξασ’
1111 2525 1194 2601 ού
1223 2537 1461 2611 καλῶς.
1492 2530 1621 2620 ἐγω
1650 2531 1775 2618 μὲν
1804 2519 1931 2598 οὖν

517 2634 881 2703 δέσποιναν
911 2629 1209 2724 εἴργουσ’
1242 2630 1530 2722 ἀγχόνης
1562 2632 1828 2721 κάμνω,
1862 2635 2088 2720 φίλαι·

517 2731 709 2821 ὑμεῖς
737 2735 812 2804 δὲ
840 2741 1041 2822 βᾶσαι
1071 2740 1253 2805 τῶνδ
1257 2762 1288 2804 ε
1316 2735 1643 2823 δωμάτων
1673 2742 1803 2805 ἔσω

515 2833 821 2904 θανάτου
848 2863 964 2904 νιν
991 2836 1369 2906 έκλύσασθε
1388 2859 1403 2874 ·
1433 2844 1571 2906 τῶν
1597 2833 1727 2928 γάρ
1754 2834 2040 2926 ἠθάδων

513 2942 738 3024 φίλων
769 2939 913 3006 νέοι
941 2937 1261 3025 μολόντες
1328 2937 1818 3031 εύπιθέστεροι.

285 3044 426 3106 XO.
511 3038 624 3108 καὶ
655 3035 792 3127 μὴν
819 3042 894 3108 ἐν
921 3050 1129 3120 οἴκοις
1155 3041 1560 3131 προσπόλων
1589 3039 1924 3130 ἀκούομεν

517 3138 685 3228 βοὴν
713 3137 826 3229 ἐφ’
862 3136 1038 3212 οἷσιν
1063 3133 1272 3230 ἦλθες
1300 3139 1721 3232 ἀγγέλλουσα
1750 3143 1859 3212 σύ.

519 3243 768 3324 δείξειν
795 3239 860 3312 δ’
895 3250 1114 3313 ἔοικεν
1140 3241 1181 3331 ἡ
1209 3243 1470 3315 τάλαιν’
1505 3242 1669 3316 ὅσον
1700 3247 1922 3315 στένει

517 3343 816 3433 πράξασα
844 3346 1064 3414 δεινά·
1097 3345 1424 3434 δωμάτων
1452 3346 1581 3438 γὰρ
1613 3352 1865 3440 ἐκπερᾷ

517 3444 872 3534 φεύγουσα
898 3461 1123 3538 χεῖρας
1152 3448 1555 3530 προσπόλων
1583 3449 1783 3544 πόθῳ
1812 3459 2078 3519 θανεῖν.

2188 604 2291 662 795

2184 1009 2315 1070 800’

2188 1522 2292 1577 805

2192 2031 2297 2088 810

2193 2540 2299 2596 815

2194 3052 2303 3107 820
