2492 3900
13 288 20 313 Ι

13 738 27 953 b

14 1014 16 1035 ι

14 1110 17 1141 ἰ

988 210 1438 269 ΑΛΚΗΣΤΙΣ
2093 214 2173 277 35

377 382 510 443 νῦν
539 372 608 443 δ’
642 372 993 463 ὑμεναίων
1018 376 1174 464 γόος
1211 374 1575 459 ἀντίπαλος

381 484 648 546 λευκῶν
682 505 754 547 τε
789 478 1064 547 πέπλων
1092 481 1374 564 μέλανες
1411 485 1685 570 στολμοὶ

379 582 719 667 πέμπουσί
747 576 807 667 μ’
841 586 970 649 ἔσω

375 682 678 771 λέκτρων
701 689 928 763 κοίτας
961 684 1030 763 ἐς
1056 682 1367 772 ἐρήμους.
2064 707 2167 763 925

138 792 284 854 XO.
370 779 519 873 παρ’
555 779 802 872 εὐτυχῆ
1920 788 2063 861 ἀντ.

145 1610 287 1669 ΑΔ.

377 887 484 954 σοὶ
512 885 772 975 πότμον
797 876 1018 973 ἦλθεν
1045 882 1474 981 άπειροκάκςο
1502 886 1647 958 τόδ’

377 978 609 1075 ἄλγος·
655 984 794 1057 ἀλλ’
827 996 1079 1069 ἔσωσας

375 1096 606 1176 βίοτον
631 1092 743 1160 καὶ
771 1091 1017 1179 ψυχάν.

379 1198 586 1261 ἔθανε
616 1193 872 1281 δάμαρ,
913 1199 1101 1262 ἔλιπε
1131 1200 1402 1281 φιλίαν·
2061 1217 2164 1272 930

373 1299 443 1361 τί
463 1296 620 1363 νέον
649 1294 842 1377 τόδε;
870 1290 1161 1374 πολλοὺς

371 1392 502 1484 ἤδη
534 1399 915 1484 παρέλυσεν

373 1496 665 1580 θάνατος
694 1498 1046 1587 δάμαρτος.

375 1606 598 1689 φίλοι,
628 1599 952 1697 γυναικὸς
980 1597 1237 1688 δαίμον’
1272 1598 1751 1693 εὐτυχέστερον
2056 1622 2159 1677 935

371 1698 626 1789 τούμοῦ
652 1711 932 1792 νομίζω,
964 1710 1204 1794 καίπερ
1235 1701 1320 1773 οὐ
1349 1702 1668 1774 δοκοῦνθ’
1702 1703 1911 1795 ὅμως·
1998 1790 2008 1798 ·

373 1811 486 1893 τῆς
514 1804 639 1893 μὲν
665 1803 794 1895 γὰρ
827 1802 1034 1874 οὐδὲν
1063 1800 1266 1893 ἄλγος
1296 1802 1543 1889 ἅψεταί
1565 1836 1744 1897 ποτε,

371 1913 637 1978 πολλῶν
668 1906 744 1978 δὲ
769 1907 1050 1997 μόχθων
1081 1904 1361 1997 εὐκλεὴς
1389 1910 1743 1980 ἐπαύσατο.

373 2007 500 2098 ἐγώ
532 2006 609 2094 δ’,
635 2006 718 2080 ὃν
753 2007 838 2080 οὐ
865 2017 1036 2100 χρῆν
1063 2017 1215 2097 ζῆν,
1247 2014 1483 2101 παρεὶς
1510 2010 1585 2080 τὸ
1614 2013 1940 2101 μόρσιμον

371 2111 636 2201 λυπρὸν
664 2113 867 2194 διάξω
897 2120 1128 2201 βίοτον
1146 2135 1160 2148 ·
1209 2109 1361 2202 ἄρτι
1389 2113 1742 2202 μανθάνω.
2050 2133 2156 2187 940

370 2221 509 2296 πῶς
536 2213 666 2305 γὰρ
696 2215 926 2302 δόμων
952 2213 1151 2284 τῶνδ’
1189 2217 1495 2298 εἰσόδους
1525 2214 1871 2306 άνέξομαι;

367 2313 488 2386 τίν’
518 2313 605 2386 ἄν
629 2318 1049 2407 προσειπών,
1081 2326 1204 2387 τοῦ
1232 2319 1310 2388 δὲ
1337 2323 1746 2410 προσρηθεὶς
1777 2318 1913 2392 ῧπο

370 2422 388 2506 f
397 2423 683 2505 τερπνῆς
716 2416 981 2520 τύχοιμ’
1021 2421 1110 2493 ἄν
1145 2424 1451 2506 εἰσόδου;
1489 2440 1611 2494 ποῖ
1638 2425 2025 2514 τρέψομαι];

368 2516 408 2606 ἡ
438 2518 562 2606 μὲν
597 2517 726 2610 γὰρ
765 2525 966 2590 ἔνδον
1003 2523 1192 2612 ἐξελᾷ
1218 2518 1278 2609 μ’
1314 2525 1575 2608 ἐρημία,

367 2620 689 2708 γυναικὸς
721 2619 922 2702 εὐνὰς
952 2613 1082 2692 εὖτ’
1115 2619 1200 2691 ἂν
1232 2628 1461 2691 εἰσίδω
1499 2622 1699 2703 κενάς
2048 2640 2149 2693 945

365 2722 665 2809 θρόνους
693 2720 744 2790 τ’
776 2728 852 2794 ἐν
887 2720 1064 2793 οἶσιν
1101 2721 1227 2812 ἷζε,
1260 2727 1374 2793 καὶ
1401 2724 1568 2793 κατὰ
1596 2728 1830 2813 στέγας

368 2821 717 2915 αὐχμηρὸν
751 2817 991 2914 οὖδας,
1024 2829 1224 2896 τέκνα
1255 2823 1318 2896 δ’
1353 2825 1527 2916 ἀμφὶ
1558 2829 1843 2916 γούνασι

364 2934 691 2998 πίπτοντα
719 2935 918 3019 κλαίῃ
948 2926 1194 3019 μητέρ’,
1222 2921 1283 2999 οἳ
1320 2930 1395 3000 δὲ
1425 2930 1739 3001 δεσπότιν

362 3032 686 3100 στένωσιν
713 3036 863 3101 οἵαν
891 3034 964 3101 ἐκ
993 3033 1224 3120 δόμων
1260 3031 1633 3103 ἀπώλεσαν.

368 3130 447 3198 τὰ
471 3132 598 3220 μὲν
631 3130 768 3202 κατ’
814 3132 1004 3203 οἷκον
1031 3132 1244 3204 τοιάδ’
1268 3158 1282 3172 ·
1315 3139 1571 3217 ἔξωθεν
1597 3139 1679 3205 δέ
1701 3163 1783 3223 με
2045 3147 2148 3203 950

363 3233 564 3322 γάμοι
594 3232 643 3303 τ’
687 3238 887 3305 ἐλῶσι
914 3245 1277 3306 Θεσσαλῶν
1303 3240 1417 3307 καὶ
1445 3239 1753 3326 ξύλλογοι

364 3346 966 3426 γυναικοπληθεῖς·
997 3335 1080 3409 οὗ
1111 3339 1241 3431 γὰρ
1274 3342 1657 3429 έξανέξομαι

366 3438 668 3509 λεύσσων
697 3440 1032 3531 δάμαρτος
1057 3448 1174 3530 τῆς
1199 3445 1359 3530 ἐμῆς
1395 3440 1733 3531 ὁμήλικας.

369 3541 510 3630 ἐρεῖ
535 3543 616 3611 δέ
637 3539 697 3630 μ’
733 3539 914 3624 ὅστις
943 3542 1185 3634 ἐχθρὸς
1213 3541 1313 3613 ὢν
1342 3560 1542 3634 κυρεῖ
1569 3545 1725 3613 τάδε
1744 3568 1801 3677 ·*

1711 3641 1750 3701 3
