2492 3900
321 163 449 230 ‘272

325 345 472 406 HA.

328 448 458 508 ΟΡ.

326 548 454 610 HA

328 651 458 711 ΟΡ.

323 753 472 814 HA.

328 855 458 915 ΟΡ.

328 1059 457 1120 ΟΡ.

324 1262 471 1324 HA.

328 1364 457 1424 ΟΡ.

324 1466 469 1526 ΗΛ.

328 1568 457 1628 ΟΡ.

330 1670 470 1731 HA.

328 1772 457 1833 ΟΡ.

330 1874 470 1935 HA.

329 1977 457 2047 OP-

324 2078 471 2139 HA.

330 2180 459 2240 ΟΡ.

323 2281 471 2342 ΗΛ.

330 2382 458 2444 ΟΡ.

324 2485 471 2546 ΗΛ.
498 2484 511 2489 “

330 2588 459 2648 ΟΡ.

324 2688 471 2749 HA.

330 2790 459 2850 ΟΡ.

324 3094 465 3155 XO.

1143 167 1541 224 HAEKTPA

556 340 815 423 ἐπίσχες
833 357 847 371 ·
880 335 1274 422 ἐμβάλωμεν
1302 341 1398 414 εἰς
1423 329 1630 403 ἄλλον
1655 332 1881 422 λόγον.

553 446 624 508 τί
646 435 749 521 δ’;
780 440 854 506 ἐκ
883 443 1237 524 Μυκηνῶν
1264 443 1412 523 μῶν
1437 436 1861 524 βοηδρόμους
1887 435 2088 530 ὁρᾷςς

552 536 679 609 οὔκ
700 592 719 626 ,
752 536 920 608 ἀλλὰ
947 536 1071 628 τὴν
1098 546 1427 608 τεκοῦσαν
1454 534 1500 625 ἥ
1525 533 1596 626 μ’
1630 529 1952 626 ἐγείνατο.

550 648 770 722 καλῶς
795 637 907 728 ἄρ’
940 636 1159 730 ἄρκυν
1188 645 1282 721 εἰς
1307 643 1518 728 μέσην
1546 640 1919 728 πορεύεται.
2237 665 2334 718 965

552 747 665 814 καὶ
694 742 829 831 μὴν
855 739 1034 828 ὄχοις
1059 770 1135 829 γε
1162 744 1277 811 καὶ
1304 747 1504 830 στολῇ
1532 743 2008 831 λαμπρύνεται.

557 853 628 914 τί
653 850 819 933 δῆτα
849 851 1116 933 δρῶμεν
1138 843 1412 936 μητέρ’,
1445 835 1490 932 ἦ
1518 843 1972 933 φονεύσομεν;

552 954 699 1037 μῶν
732 944 799 1017 σ’
834 945 1049 1027 οἶκτος
1078 942 1247 1034 εἷλε,
1277 943 1526 1035 μητρὸς
1554 943 1643 1026 ὥς
1671 944 1844 1027 εἶδες
1871 949 2112 1034 δέμας,

551 1077 685 1139 φευ
702 1073 717 1086 ·

552 1159 693 1232 πῶς
719 1151 847 1242 γὰρ
878 1153 1097 1220 κτάνω
1126 1179 1272 1237 νιν,
1301 1147 1347 1238 ἥ
1373 1147 1444 1237 μ’
1483 1158 1732 1239 ἔθρεψε
1757 1148 2072 1233 κᾶτεκενς

556 1250 781 1343 ὥσπερ
814 1255 1065 1343 πατέρα
1095 1250 1219 1322 σόν
1244 1247 1367 1340 ἥδε
1395 1249 1612 1340 κάμὸν
1639 1249 1909 1321 ὤλεσεν.
2237 1274 2338 1328 970

548 1347 603 1423 ὦ
633 1363 842 1444 Φοῖβε
857 1408 877 1442 ,
907 1353 1161 1442 πολλήν
1186 1351 1253 1441 γ’
1286 1350 1589 1442 ἀμαθίαν
1617 1357 1996 1442 ἐθέσπισας,

554 1453 728 1525 ὅπου
757 1455 823 1524 δ’
862 1456 1204 1527 Ἀπόλλων
1231 1453 1460 1537 σκαιὸς
1487 1446 1566 1546 ᾗ,
1597 1463 1774 1538 τίνες
1801 1465 2014 1544 σοφοί
2022 1488 2039 1538 3

552 1554 735 1637 ὅστις
760 1554 830 1644 μ’
877 1565 1155 1646 ἔχρησας
1182 1553 1439 1646 μητέρ’,
1468 1555 1556 1645 ἢν
1587 1556 1669 1628 οὐ
1696 1565 1897 1648 χρῆν,
1931 1576 2232 1628 κτανεῖν.

552 1659 832 1748 βλάπτει
868 1659 944 1729 δὲ
970 1657 1053 1748 δὴ
1084 1667 1156 1728 τί
1177 1663 1379 1749 πατρὶ
1405 1667 1719 1749 τιμωρῶν
1746 1663 1986 1742 σέθεν,

550 1761 998 1851 μητροκτόνος
1024 1769 1159 1831 νῦν
1186 1763 1545 1849 φεύξομαι,
1573 1759 1725 1830 τόθ’
1758 1759 1960 1850 ἁγνὸς
1989 1760 2112 1832 ὤν.
2236 1782 2338 1834 975

553 1865 667 1934 καὶ
695 1863 785 1953 μή
819 1861 883 1953 γ’
920 1860 1199 1953 ἀμύνων
1226 1865 1426 1955 πατρὶ
1457 1862 1787 1953 δυσσεβὴς
1815 1870 1967 1933 ἔσει.

551 1966 680 2055 ἐγω
711 1967 787 2037 δὲ
813 1971 1012 2057 μητρὶ
1039 1973 1161 2037 τοῦ
1190 1966 1409 2055 φόνου
1438 1966 1634 2036 δώσω
1664 1972 1871 2047 δίκας.

555 2077 646 2161 τῷ
675 2066 734 2139 δ’
762 2066 849 2156 ἢν
878 2069 1192 2163 πατρῴαν
1219 2074 1548 2158 διαμεθῇς
1574 2075 1920 2158 τιμωρίαν.

550 2163 661 2260 ἆρ’
694 2167 849 2240 αὕτ’
880 2168 1185 2258 ἀλάστωρ
1216 2166 1348 2241 εἶπ’
1383 2166 1816 2251 ἀπεικασθεὶς
1841 2177 1985 2262 θεῷ
2003 2202 2020 2253 3

558 2269 742 2358 ἱερὸν
769 2279 1069 2354 καθίζων
1097 2270 1364 2360 τρίποδ’
1388 2302 1406 2355 3
1437 2270 1566 2360 ἐγώ
1595 2272 1718 2361 μὲν
1746 2267 1828 2343 ού
1862 2278 2066 2341 δοκῶ.
2233 2293 2340 2346 980

555 2368 683 2441 ούκ
742 2367 829 2441 ‹¹322›
854 2376 1187 2460 πιθοίμην
1214 2364 1295 2441 εὖ
1323 2381 1826 2461 μεμαντεῦσθαι
1855 2373 2034 2443 τάδε.

563 2470 643 2544 ού
674 2472 763 2563 μὴ
792 2476 1142 2555 κακισθεὶς
1176 2480 1270 2556 εἰς
1297 2470 1672 2566 ἀνανδρίαν
1699 2491 1919 2558 πεσεῑ·;

554 2574 703 2648 ἀλλ’
735 2568 781 2666 ἦ
808 2576 929 2648 τὸν
955 2573 1165 2647 αὐτὸν
1192 2572 1344 2667 τῇδ’
1378 2574 1735 2666 ὑποστήσω
1763 2576 2004 2659 δόλους

560 2672 614 2771 ᾦ
640 2682 753 2749 καὶ
781 2681 981 2750 πόσιν
1008 2689 1318 2759 καθεῖλες
1345 2688 1683 2765 Αἴγισθον
1709 2679 1992 2749 κτανών.

550 2791 821 2868 εἴσειμι·
854 2786 1084 2849 δεινοῦ
1114 2778 1177 2849 δ’
1212 2778 1492 2871 ἄρχομαι
1519 2782 1979 2870 προβλήματος
2229 2802 2338 2857 985

555 2883 669 2950 καὶ
695 2879 889 2949 δεινὰ
918 2880 1143 2968 δράσω
1173 2879 1267 2969 γ’,
1299 2888 1363 2951 εί
1384 2892 1574 2963 θεοῖς
1601 2889 1794 2953 δοκεῖ
1813 2883 1995 2953 τάδε.

548 3083 648 3171 ἰεό,

551 3192 857 3274 βασίλεια
885 3185 1086 3274 γύναι
1110 3184 1362 3273 χθονὸς
1391 3183 1712 3275 Ἀργείας,

550 3302 675 3357 παῐ
704 3284 1064 3376 Τυνδάρεω

551 3392 666 3458 καὶ
697 3405 841 3459 τοῖν
868 3386 1157 3476 ἀγαθοῖν
1184 3390 1468 3477 ξύγγονε
1495 3388 1776 3479 κούροιν
2239 3410 2344 3467 990

550 3488 751 3577 Διός,
783 3498 855 3560 οἳ
878 3488 1219 3578 φλογερὰν
1248 3488 1470 3580 αἰθέρ’
1505 3495 1578 3560 ἐν
1607 3489 1872 3580 ἄστροις
