2492 3900
1017 150 1427 211 ΙΚΕΤΙΔΕΣ
2098 152 2219 217 391

513 317 829 389 ἁπάντων
855 315 1043 408 τέρμ’
1077 325 1338 406 ἔχοντες
1365 316 1580 389 αὐτοί.

200 431 472 493 ΗΜΙΧ.
512 421 593 490 τὰ
621 428 1046 511 καλλίπυργα
1075 425 1277 491 πεδιά
1304 428 1446 503 πῶς
1464 422 1747 515 ἱκοίμεθ’
1772 421 1879 512 ἄν,
1978 448 2120 515 στρ.
2202 508 2209 515 ,

513 530 935 613 Καλλίχορον
959 529 1130 604 θεᾶς
1157 520 1349 613 ὕδωρ
1377 531 1721 605 λιποῦσαις

199 636 282 696 Η
281 635 476 697 ΜΙΧ.
517 623 822 695 ποτανὰν
851 636 919 695 εἴ
939 628 1028 715 μέ
1051 652 1150 705 τις
1174 633 1365 696 θεῶν
1392 633 1635 716 κτίσαι,
2120 646 2227 702 620

518 728 886 816 διπόταμον
919 733 1032 797 ἵνα
1058 728 1259 798 πόλιν
1287 729 1492 816 μόλω.

201 839 474 926 ῌΜΙΧ.
518 835 762 918 εἰδείης
789 826 875 900 ἂν
903 836 1126 917 φίλων

520 938 766 1021 εἰδείης
793 928 880 1001 ἂν
905 932 1127 1019 τύχας.

205 1042 476 1104 ΗΜΙΧ.
515 1038 609 1101 ἔτι
641 1030 793 1102 ποτ’
831 1032 1013 1121 αἶσα,
1044 1040 1142 1115 τίς
1171 1031 1303 1123 ἄρα
1330 1034 1578 1123 πότμος

517 1138 814 1225 ἐπιμένει
839 1135 958 1205 τὸν
985 1132 1271 1224 αλκιμον

518 1244 720 1308 τᾶσδε
744 1244 867 1328 γᾶς
895 1266 1184 1322 ανακτα;
2127 1256 2229 1312 625

206 1348 476 1409 ΗΜΙΧ.
515 1344 966 1429 κεκλημένους
982 1340 1108 1429 μὲν
1127 1336 1618 1428 ἀνακαλούμεθ’
1638 1331 1729 1410 αὖ
1749 1342 1983 1424 θεούς·
2084 1338 2227 1411 ἀντ.

519 1441 686 1513 ἀλλὰ
715 1443 954 1531 φόβων
981 1448 1200 1523 πίστις
1227 1439 1350 1512 αδε
1382 1442 1631 1531 πρώτα.

208 1552 286 1613 Η
287 1552 484 1613 ΜΙΧ.
526 1544 606 1614 ld)
635 1550 807 1632 Ζεῦ,
837 1551 952 1626 τᾶς
981 1544 1513 1634 παλαιομάτορος

517 1647 884 1735 παιδογόνε
911 1647 1144 1736 πόριος
1163 1644 1438 1734 Ἰνάχου.

213 1754 476 1821 ΗΜΙΧ.
517 1748 710 1818 πόλει
733 1778 847 1837 μοι
873 1750 1206 1836 ξύμμαχος
2128 1764 2232 1819 630

519 1856 722 1937 γενοῦ
752 1847 903 1940 τᾷδ’
939 1846 1241 1938 εὐμενής.

205 1961 478 2023 ΗΜΙΧ.
522 1951 594 2021 τὸ
629 1956 755 2022 σὸν
782 1947 1081 2040 ἄγαλμα,
1113 1951 1187 2021 τὸ
1215 1951 1341 2022 σὸν
1369 1958 1619 2042 ἵδρυμα

520 2053 757 2134 πόλεος
783 2052 1086 2141 έκκόμιζέ
1109 2082 1222 2141 μοι

517 2154 684 2245 πρὸς
711 2153 938 2244 πυρὰν
964 2151 1321 2245 ὑβρισθέν.

216 2265 405 2327 ΑΓΓ.
512 2272 860 2346 γυναῖκες,
894 2253 1036 2346 ἥκω
1065 2255 1263 2328 πόλλ’
1296 2265 1469 2346 ἔχων
1496 2259 1721 2346 λέγειν
1748 2264 1935 2346 φίλα,

519 2357 720 2440 αὐτός
745 2387 818 2432 τε
847 2365 1130 2447 σωθείς,
1157 2357 1425 2450 ᾑρέθην
1448 2358 1579 2450 γὰρ
1609 2363 1684 2429 ἐν
1709 2360 1906 2450 μάχῃ,
2128 2375 2233 2431 635

518 2459 605 2550 ἣν
631 2465 704 2533 οἱ
723 2460 1085 2532 θανόντων
1112 2459 1277 2532 ἑπτὰ
1306 2468 1654 2531 δεσποτῶν
1681 2462 1866 2549 λόχοι

518 2562 940 2654 ἠγωνίσαντο
971 2565 1188 2652 ῥεῦμα
1214 2572 1550 2652 Διρκαῖον
1577 2562 1778 2652 πάρα,

519 2672 718 2754 νίκην
745 2693 818 2735 τε
847 2667 1120 2752 Θησέως
1145 2662 1470 2754 ἀγγελῶν.
1544 2665 1754 2753 λόγου
1784 2667 1863 2734 δέ
1885 2686 1961 2734 σε

520 2773 783 2858 μακροῦ
814 2763 1223 2837 ἀποπαύσω·
1256 2767 1631 2848 Καπανέως
1658 2766 1789 2858 γὰρ
1816 2757 1859 2855 ἦ
1897 2767 2155 2860 λατρις,

520 2866 602 2939 ὃν
626 2867 799 2951 Ζευς
827 2876 1139 2994 κεραυνῷ
1168 2867 1497 2962 πυρπόλω
1524 2878 1944 2940 καταιθαλοῖ.
2132 2885 2237 2940 640

205 2981 354 3042 XO.
518 2997 580 3042 ω
600 2970 896 3060 φίλτατ
928 2999 1006 3040 ευ
982 2961 1158 3059 μὲν
1184 2971 1425 3043 νόστον
1452 2968 1797 3061 ἀγγέλλεις
1823 2973 2030 3042 σέθεν

519 3073 644 3162 τήν
672 3070 734 3142 τ’
767 3070 942 3162 ἀμφὶ
971 3076 1242 3162 Θησέως
1267 3073 1492 3163 βάξιν·
1526 3081 1589 3144 εἰ
1613 3075 1690 3144 δὲ
1716 3076 1831 3144 καὶ
1857 3072 2135 3163 στρατὸς

521 3181 652 3256 σῶς
681 3171 820 3245 ἐστ’
846 3173 1190 3264 Ἀθηνων,
1221 3175 1422 3246 πάντ’
1454 3205 1540 3247 αν
1567 3175 1915 3266 ἀγγέλλοις
1944 3182 2128 3263 φίλα.

207 3285 406 3350 ΑΓΓ.
517 3283 668 3365 σῶς,
701 3279 817 3348 καὶ
843 3275 1264 3367 πεπραγμέν’
1287 3277 1378 3350 οἷ’
1406 3275 1778 3369 ’Ἄδραστος
1807 3276 2030 3367 ὤφελε

521 3382 765 3470 πρᾶξαι
795 3378 920 3462 ξὺν
942 3377 1379 3469 Ἀργείοισιν,
1413 3376 1533 3462 οὓς
1562 3378 1681 3451 ἀπ’
1706 3378 1962 3466 Ἰνάχου
2132 3390 2235 3447 645

843 3497 948 3552 618
964 3521 1040 3534 -·-
1055 3497 1159 3552 625
1187 3513 1272 3540 “-·“-“
1298 3498 1402 3554 626
1418 3523 1492 3534 -··
1510 3498 1615 3554 633
