2492 3900
317 1242 501 1303 ΦΛῙ.

1070 149 1584 208 ΙΠΠΟΛΥΤΟΣ

553 316 844 405 Θησεύς,
875 312 1136 403 ἄπειμι·
1175 332 1332 402 σῖγα
1360 313 1427 385 δ’
1460 320 1699 407 ἕξομεν
1725 321 1960 407 στόμα.
2240 341 2339 395 660
2472 324 2478 443 ρ’

548 418 879 507 θεάσομαι
904 418 982 487 δὲ
1007 416 1136 489 σὺν
1164 417 1414 508 πατρὸς
1438 418 1669 505 μολών
1698 426 1855 491 ποδὶ
2476 444 2478 447 ⁴

547 528 686 603 πῶς
714 548 826 589 νιν
854 520 1180 610 προσόψει
1207 523 1323 591 καὶ
1350 519 1438 589 σύ
1466 523 1579 591 καὶ
1612 524 1938 593 δέσποινα
1965 526 2085 613 σή·

542 630 660 713 τῆς
685 630 804 711 σῆς
831 624 908 693 δὲ
935 622 1177 710 τόλμης
1211 633 1469 710 εἴσομαι
1496 628 1922 713 γεγευμένος.

547 722 840 795 ὄλοισθε.
868 731 1085 813 μισῶν
1113 722 1176 793 δ’
1209 721 1445 795 οὔποτ’
1478 728 2039 816 ἐμπλησθήσομαι

551 844 912 913 γυναῖκας,
951 823 1103 895 οὐδ’
1140 836 1208 897 εἰ
1233 834 1409 915 φησί
1429 834 1528 908 τίς
1557 825 1629 916 μ’
1660 826 1767 897 ἀεὶ
1794 833 2053 917 λέγειν·
2243 852 2341 906 665

545 927 650 999 άεὶ
677 927 806 1020 γὰρ
833 920 961 999 οὖν
989 929 1128 1010 πώς
1157 936 1287 999 είσι
1314 926 1619 1001 κάκεῖναι
1646 941 1865 1001 κακαί.

545 1028 588 1119 ἦ
613 1032 747 1101 νύν
773 1060 870 1112 τις
895 1027 1103 1111 αὐτὰς
1127 1047 1515 1119 σωφρονεῖν
1542 1033 1893 1120 διδαξάτω,

543 1128 587 1221 ἢ
611 1131 771 1221 κάμ’
805 1133 973 1203 ἐάτω
999 1130 1217 1203 ταῖσδ’
1252 1137 1685 1223 ἐπεμβαίνειν
1712 1131 1839 1205 ἀεί.

546 1236 820 1316 τάλανες
850 1226 906 1305 ὦ
933 1251 1323 1321 κακοτυχεῖς
2072 1238 2219 1309 ἀντ.

545 1346 894 1425 γυναικῶν
919 1338 1179 1427 πότμοι.

543 1436 686 1508 τίν’
722 1467 809 1507 αυ
839 1448 971 1507 νῦν
1003 1444 1242 1525 τέχναν
1284 1443 1520 1525 ἔχομεν
1537 1444 1615 1509 αῖ
1632 1410 1841 1528 λόγου
2243 1464 2346 1518 670

546 1550 902 1628 σφαλεῖσαι
928 1542 1253 1631 κάθαμμα
1281 1542 1470 1611 λύειν
1502 1543 1755 1623 δόλοις;

545 1643 861 1731 ἐτύχομεν
890 1649 1083 1723 δίκας
1103 1665 1117 1680 ·
1157 1641 1236 1713 ίω
1270 1651 1356 1732 γᾶ
1384 1646 1497 1713 καὶ
1528 1652 1689 1732 φῶς.

543 1752 636 1838 πᾷ
663 1742 810 1815 ποτ’
844 1745 1131 1828 ἐξαλύξω
1160 1746 1395 1833 τύχας,

543 1874 685 1928 πως
716 1848 792 1918 δὲ
819 1854 1002 1937 πῆμα
1029 1848 1306 1937 κρύψω,
1339 1856 1567 1935 φίλαις

545 1959 646 2031 τίς
672 1979 758 2023 αν
786 1959 974 2022 θεῶν
1007 1948 1269 2042 ἀρωγὸς
1296 1946 1340 2038 ἢ
1366 1959 1467 2030 τίς
1494 1979 1581 2020 αν
1605 1958 1867 2039 βροτῶν
2235 1971 2338 2026 675

545 2048 948 2143 πάρεδρος’“
903 2082 946 2142 η
977 2052 1297 2142 ξυνεργὸς
1330 2051 1653 2124 ἀδίκων”
1618 2080 1835 2140 εργων
1991 2041 2010 2056 ’

545 2162 826 2243 φανείῃ
853 2153 928 2224 τὸ
965 2155 1092 2244 γὰρ
1121 2153 1281 2242 παρ’
1320 2152 1475 2243 ἡμῖν
1502 2154 1720 2234 πάθος
1770 2209 1775 2214 .

543 2357 1072 2444 κακοτυχεστάτα
1097 2366 1443 2446 γυναικῶν
1469 2358 1618 2446 ἐγώ.

317 2471 456 2531 XO.
541 2467 676 2550 φεῦ
707 2467 842 2551 φεῦ
861 2481 876 2495 ·
907 2462 1311 2552 πέπρακται,
1330 2463 1457 2528 κού
1476 2463 1915 2546 κατώρθωται
1942 2461 2165 2549 τέχνη,
2232 2481 2338 2533 edu

544 2255 761 2346 παρὸν
789 2260 1289 2339 δυσεκπέρατον
1342 2263 1594 2344 ἔρχεται
1640 2264 1818 2345 βίου.

547 2567 902 2651 δέσποινα,
936 2569 1051 2650 τῆς
1078 2570 1200 2651 σῆς
1227 2562 1649 2652 προσπόλου,
1682 2569 1905 2642 κακῶς
1940 2560 2003 2632 δ’
2044 2572 2198 2650 ἔχει.
2468 2517 2473 2764 ι

319 2675 500 2736 ΦΑΙ.
539 2658 594 2736 ὦ
619 2673 1035 2754 παγκακίστη
1064 2667 1177 2736 καὶ
1205 2673 1430 2752 φίλων
1457 2671 1865 2752 διαφθορεῦ,

547 2765 635 2838 οἷ’
672 2769 957 2856 εἰργάσω
984 2795 1085 2856 με.
1125 2766 1295 2847 Ζεύς
1333 2787 1407 2836 σε
1442 2765 1783 2858 γεννήτωρ
1821 2769 1979 2856 ἐμὸς

544 2870 904 2960 πρόρριζον
931 2873 1309 2959 ἐκτρίψειεν
1340 2865 1624 2947 οὐτάσας
1652 2875 1839 2956 πυρί.

544 2968 670 3041 οὐκ
701 2970 922 3057 εἶπον,
955 2969 1037 3040 ού
1073 2979 1192 3060 σῆς
1221 2970 1745 3060 προυνοησάμην
1775 2969 2044 3058 φρενός,
2232 2987 2331 3040 62:⁴5

545 3081 741 3162 σιγᾶν
775 3069 885 3162 ἐφ’
919 3069 1052 3143 οἷσι
1083 3081 1216 3144 νῦν
1247 3070 1377 3161 ἐγὼ
1406 3072 1817 3160 κακύνομαι;

546 3175 632 3245 σύ
661 3173 725 3245 δ’
759 3172 884 3245 οὐκ
913 3173 1229 3263 ἀνέσχον·
1260 3173 1494 3263 τοιγὰρ
1524 3172 1746 3244 οὐκέτ’
1785 3171 2079 3253 εὐκλεεῖς

545 3274 950 3363 θανούμεθ’.
983 3274 1150 3344 ἀλλὰ
1179 3282 1291 3344 δεῖ
1314 3303 1397 3362 με
1423 3276 1509 3363 δὴ
1540 3284 1796 3346 καινῶν
1824 3276 2064 3363 λόγων.

548 3368 743 3454 οὗτος
772 3375 900 3462 γὰρ
931 3373 1100 3463 ὀργῇ
1129 3380 1674 3464 συντεθηγμένος
1705 3381 1957 3464 φρένας

546 3477 686 3560 ἐρεῖ
713 3473 874 3542 καθ’
909 3471 1099 3560 ἡμῶν
1127 3478 1328 3564 πατρὶ
1356 3476 1476 3556 σὰς
1506 3474 1847 3564 ἁμαρτίας,
2227 3495 2327 3546 6530
