2492 3900
1032 188 1335 245 EKABH
2066 184 2185 251 147

407 357 726 440 ξυντυχία
763 360 1095 441 κρείσσων
1123 354 1471 441 έκύρησεν.
1620 394 1639 413 ·
2084 375 2185 427 215

165 466 316 527 XO.
401 458 514 525 καὶ
539 453 675 543 μὴν
697 452 1061 535 Ὀδυσσεὺς
1089 461 1347 544 ἔρχεται
1376 448 1641 546 σπουδῇ
1670 458 1894 542 ποδός,

395 554 636 645 Ἑκάβη
654 609 672 643 ,
702 558 861 625 νέον
888 584 952 625 τι
980 555 1147 644 πρὸς
1173 556 1248 625 σὲ
1276 563 1597 681 σημανῶν
1626 564 1799 639 ἔπος.

161 668 303 727 ΟΔ
403 660 638 746 γύναι,
668 663 848 727 δοκῶ
873 660 996 744 μέν
1023 654 1087 725 σ’
1123 661 1373 727 εἰδέναι
1400 658 1677 763 γνῶμην
1706 667 1991 749 στρατοῦ

402 758 636 847 ψῆφόν
665 785 737 827 τε
766 758 890 846 τὴν
918 770 1364 848 κρανθεῖσαν·
1404 758 1553 828 ἀλλ’
1587 788 1765 849 ομως
1793 762 2050 851 φράσω.

405 856 577 941 ἔδοξ’
607 858 888 947 Ἀχαιοῖς
915 866 1122 929 παῖδα
1149 859 1277 948 σὴν
1301 864 1719 951 Πολυξένην
2078 878 2180 931 220

405 962 648 1049 σφάξαι
677 960 842 1051 πρὸς
871 958 1089 1051 ὀρθὸν
1115 959 1283 1050 χῶμ’
1311 960 1679 1049 Ἀχιλλείου
1702 964 1939 1050 τάφου.

404 1060 572 1150 ἡμᾶς
599 1062 675 1132 δὲ
701 1060 1010 1150 πομποὺς
1037 1066 1148 1132 καὶ
1175 1072 1579 1152 κομιστῆρας
1606 1065 1808 1153 κόρης

405 1164 768 1234 τάσσουσιν
795 1164 996 1233 εἶναι·
1042 1164 1347 1252 θύματος
1375 1160 1441 1233 δ’
1476 1166 1825 1254 ἐπιστάτης

406 1266 624 1356 ἱερεύς
653 1264 710 1333 τ’
747 1268 1014 1335 ἐπέσται
1042 1272 1244 1335 τοῦδε
1270 1282 1425 1347 παῖς
1446 1264 1811 1354 Ἀχιλλέως.

407 1364 587 1437 οἶσθ’
622 1358 750 1436 οὖν
777 1364 816 1437 ὃ
843 1373 1131 1456 δρᾶσον;
1169 1365 1322 1456 μήτ’
1356 1366 1798 1457 ἀποσπασθῇς
1827 1374 1943 1459 βία
2078 1384 2178 1439 225

406 1464 558 1556 μήτ’
595 1474 688 1549 εἰς
713 1476 934 1558 χερῶν
961 1464 1248 1556 ἅμιλλαν
1276 1472 1549 1561 ἐξέλθῃς
1578 1474 1729 1557 ἐμοί
1737 1492 1751 1507 ·

404 1576 735 1658 γίγνωσκε
764 1567 829 1641 δ’
864 1568 1077 1659 ἀλκὴν
1107 1573 1221 1641 καὶ
1247 1579 1627 1662 παρουσίαν
1656 1577 1883 1642 κακῶν

403 1678 538 1741 τῶν
564 1679 725 1741 σῶν.
763 1672 980 1759 σοφόν
1012 1699 1116 1741 τοι
1149 1673 1279 1741 κᾶν
1312 1686 1541 1751 κακοῖς
1573 1671 1617 1740 δι’
1651 1678 1757 1741 δεῖ
1784 1684 2084 1758 φρονεῖν.

154 1778 311 1844 ΕΚ.
399 1779 570 1843 αἰαῖ·
611 1771 966 1862 παρέστηχ’
1002 1771 1090 1854 ὥς
1119 1772 1285 1843 ἔοικ’
1317 1771 1503 1863 άγῶν
1530 1776 1753 1862 μέγας,

401 1874 654 1965 πλήρης
679 1882 1069 1963 στεναγμῶν
1097 1872 1258 1945 οὐδὲ
1286 1875 1603 1965 δακρύων
1630 1875 1843 1956 κενός.
2074 1890 2177 1944 230

403 1974 656 2064 κᾶγωγ’
691 1974 802 2067 ἄρ’
835 1975 964 2048 οὐκ
991 1986 1329 2067 ἔθνησκον
1356 1970 1442 2047 οὗ
1468 1974 1538 2065 μ’
1572 1982 1772 2066 ἐχρῆν
1798 1987 2061 2062 θανεῖν,

404 2075 556 2148 οὐδ’
589 2075 839 2148 ῶλεσέν
867 2106 950 2167 με
975 2078 1182 2166 Ζεύς,
1213 2082 1445 2168 τρέφει
1474 2075 1565 2165 δ’,
1596 2075 1773 2160 ὅπως
1802 2073 1939 2167 ὁρῶ

402 2188 632 2250 κακῶν
659 2177 809 2250 κάκ’
845 2177 1012 2250 ἄλλα
1042 2177 1294 2269 μείζον’
1324 2177 1369 2268 ἡ
1396 2177 1659 2249 τάλαιν’
1692 2178 1842 2267 έγῶ.

405 2287 469 2350 εἰ
491 2281 555 2350 δ’
593 2289 730 2352 ἔστι
758 2298 894 2362 τοῖς
925 2283 1228 2353 δούλοισι
1258 2282 1415 2362 τοὺς
1443 2283 1847 2371 ἐλευθέρους

401 2381 490 2470 μὴ
518 2383 741 2472 λυπρὰ
768 2383 936 2471 μηδὲ
963 2390 1242 2474 καρδίας
1272 2384 1594 2473 δηκτήρια
2075 2399 2175 2452 235

402 2486 848 2573 ἐξιστορῆσαι,
879 2487 987 2555 σοὶ
1013 2485 1137 2573 μὲν
1166 2492 1479 2576 εἰρῆσθαι
1508 2484 1699 2572 τάδε,

400 2581 570 2672 ἡμᾶς
604 2583 667 2654 δ’
701 2585 986 2656 ἀκοῦσαι
1015 2586 1172 2667 τοὺς
1200 2589 1585 2676 ἐρωτῶντας
1623 2583 1859 2670 χρεῶν.

161 2695 320 2754 ΟΛ.
402 2684 632 2774 ἔξεστ’,
663 2687 875 2776 ἐρώτα
893 2711 907 2724 ·
943 2695 1066 2757 τοῦ
1093 2689 1341 2777 χρόνον
1367 2686 1495 2775 γὰρ
1524 2682 1607 2755 οὐ
1636 2692 1901 2774 φθονῶ.

156 2787 310 2858 ΕΚ.
403 2785 582 2856 οἶσθ’
615 2785 795 2876 ἡνίκ’
830 2781 1036 2876 ἦλθες
1056 2787 1256 2860 Ἰλίου
1284 2787 1716 2875 κατάσκοπος,

401 2895 796 2981 δυσχλαινίᾳ
824 2887 884 2958 τ’
917 2888 1238 2981 ἄμορφος,
1271 2888 1583 2979 ὀμμάτων
1609 2887 1667 2958 τ’
1701 2886 1831 2958 άπο
2073 2901 2174 2957 240

403 2989 622 3078 φόνου
650 2995 1014 3079 σταλαγμοὶ
1041 2989 1168 3080 σὴν
1195 2995 1590 3075 κατέσταζον
1614 2993 1859 3078 γένυν;

161 3097 318 3158 ΟΔ.
399 3090 531 3160 οἷδ’
553 3113 568 3128 ·
609 3089 691 3161 οὐ
721 3090 848 3181 γὰρ
877 3089 1085 3184 ἄκρας
1111 3099 1391 3185 καρδίας
1421 3095 1678 3174 ἔψαυσέ
1698 3121 1852 3180 μου.

154 3199 312 3262 ΕΚ.
400 3198 573 3280 ἔγνω
603 3197 683 3262 δέ
705 3191 770 3263 σ’
796 3191 1024 3283 Ἑλένη
1055 3197 1170 3265 καὶ
1197 3195 1371 3284 μόνῃ
1398 3190 1655 3263 κατεῖπ’
1689 3198 1842 3281 ἐμοί
1852 3223 1870 3276 3

161 3300 317 3361 ΟΔ.
386 3292 774 3382 μεμνήμεθ’
809 3298 876 3375 ές
903 3303 1231 3366 κίνδυνον
1260 3297 1575 3375 ἐλθόντες
1602 3297 1833 3383 μέγαν.

153 3401 308 3464 ΕΚ.
399 3392 551 3482 ἥψω
582 3395 658 3465 δὲ
682 3396 987 3485 γονάτων
1013 3405 1148 3467 τῶν
1178 3401 1357 3485 ἐμῶν
1384 3395 1695 3477 ταπεινὸς
1722 3394 1855 3480 ῶν;
2074 3407 2173 3460 245

159 3506 316 3567 OA.
400 3493 561 3566 ῶστ’
595 3501 915 3568 ένθανεϊν
941 3527 1020 3590 γε
1046 3515 1188 3580 σοῖς
1217 3501 1524 3570 πέπλοισι
1551 3514 1695 3587 χεῖρ
1704 3449 1942 3658 ’ξὸιὶὶα
