2492 3900
197 192 302 244 DE
347 188 746 243 comcmvs
779 189 1208 244 EVRIPIDEIS
1245 191 1343 242 ΕΤ
1380 188 1860 242 EDITIONIBVS
1930 189 2111 276 XLix

119 343 355 414 tollere,
401 361 524 404 non
568 344 814 404 miratus
857 361 992 403 sum
1034 340 1138 402 ubi
1184 341 1304 404 vidi
1348 342 1791 404 emendationes
1833 341 2108 403 indubias

120 439 352 490 temere
396 434 628 507 spretas
674 435 734 487 et
775 425 1003 488 levibus
1047 444 1116 486 ac
1145 443 1223 486 ne
1266 427 1553 506 speciosis
1600 426 1841 503 quidem
1884 429 2106 488 ratiun-

121 511 268 573 culis
312 514 690 591 impugnatas
735 510 808 572 ab
851 513 924 571 iis
967 511 1341 608 potissimum
1385 511 1489 587 qui
1534 510 1947 588 degustassent
1989 517 2107 570 tra·

121 600 288 674 gicos
349 603 587 674 poetas,
646 613 768 656 non
825 602 1090 658 nossent.
1179 595 1370 673 magis
1423 593 1568 656 illud
1626 596 1844 656 mirum
1897 593 2110 656 accidit

121 680 280 760 quod
343 683 672 740 extiterunt
727 680 857 758 qui,
915 697 1049 741 cum
1105 677 1371 740 refutare
1425 698 1519 741 me
1574 687 1970 748 conarentur,
2024 676 2110 738 le-

121 764 317 844 genda
364 782 518 842 quae
563 779 674 839 ego
719 765 1092 843 scripsissem
1138 761 1256 824 sibi
1296 781 1415 825 non
1460 770 1740 842 putarent
1756 759 1851 842 ⁹⁹).

251 848 516 927 Operam
576 847 717 907 dedi
771 857 838 908 ut
886 847 1259 925 singularum
1315 848 1794 910 emendationum
1854 855 1916 909 et
1968 864 2109 908 con·

121 935 488 993 iecturarum
533 939 810 992 auctores
853 933 1247 1009 explorarem.
1318 931 1425 992 sed
1468 942 1586 992 tam
1632 940 1827 992 vastus
1882 938 1973 992 est
2015 929 2108 991 lit·

123 1027 392 1077 terarum
447 1023 788 1076 nostrarum
843 1015 1103 1077 ambitus
1159 1033 1227 1076 ac
1282 1022 1444 1076 tanta
1512 1013 1813 1076 alacritate
1872 1015 2113 1092 plurimi

121 1101 402 1162 homines
446 1099 604 1161 docti
647 1108 708 1161 et
759 1097 986 1162 indocti
1041 1099 1479 1178 tragoediarum
1525 1101 1885 1162 Graecarum
1932 1099 2111 1160 crisin

121 1189 437 1256 exercent,
495 1193 563 1245 ut
607 1202 845 1245 errores
889 1186 1130 1245 omnino
1185 1201 1393 1245 cavere
1438 1201 1510 1245 eo
1564 1185 1627 1244 111
1670 1200 1893 1261 genere
1938 1201 2110 1245 nemo

121 1270 330 1346 possit.
420 1268 640 1348 quodsi
691 1268 832 1328 Tro.
875 1270 994 1329 271
1052 1267 1384 1348 palmarem
1435 1267 1913 1330 emendationem
1969 1271 2110 1346 χαλ.-

119 1351 516 1431 κεομήστορος
574 1354 638 1412 111
695 1351 928 1413 fabulae
986 1352 1160 1414 huius
1220 1352 1487 1414 editione
1532 1351 2013 1429 cantabrigiensi
2056 1371 2109 1418 a.

125 1440 293 1499 1807
341 1454 374 1496 a
419 1436 490 1497 G.
533 1435 825 1513 Burgesio
870 1437 1085 1498 factam
1141 1455 1273 1498 esse
1320 1455 1423 1498 eos
1466 1439 1569 1514 qui
1612 1443 1819 1516 postea
1862 1436 2111 1515 Euripi-

123 1521 262 1580 dem
310 1520 628 1580 ediderunt
672 1539 880 1581 omnes
923 1521 1103 1598 sugit,
1149 1521 1383 1582 confido
1428 1537 1646 1600 aequos
1688 1521 1921 1582 iudices
1962 1520 2111 1581 mihi

121 1608 358 1666 veniam
405 1623 536 1665 esse
581 1605 855 1675 daturos,
902 1603 1006 1667 ubi
1049 1624 1171 1668 non
1228 1623 1367 1666 eum
1410 1624 1588 1684 quem
1631 1604 1923 1667 debebam
1967 1623 2109 1664 con-

263 1821 352 1884 99)
389 1822 474 1872 De
509 1819 843 1872 Ρ110811.175
867 1835 1010 1888 quae
1044 1821 1104 1871 in
1130 1821 1371 1887 Euripid.
1402 1821 1547 1872 Seud.
1576 1821 1603 1872 Ι
1638 1836 1690 1886 p.
1719 1824 1786 1872 70
1810 1821 1961 1872 dicta
1986 1826 2113 1872 sunt

119 1891 174 1940 si
223 1889 581 1955 cognovisset
613 1887 896 1955 Hauptius
933 1893 1229 1955 antequam
1266 1889 1537 1940 scriberet
1583 1903 1725 1953 quae
1770 1890 1827 1937 in
1872 1889 2111 1940 Hermae

119 1957 238 2013 vol.
281 1959 311 2007 1
347 1973 400 2022 p.
436 1958 505 2007 26
548 1970 630 2021 sq.
677 1956 956 2022 leguntur,
1007 1964 1102 2007 aut
1146 1957 1260 2008 alia
1306 1955 1629 2021 protulisset
1672 1962 1997 2021 argumenta
2044 1958 2113 2006 ad

121 2040 309 2075 meam
333 2024 672 2075 sententiam
699 2024 1056 2075 evertendam
1081 2028 1198 2088 aut,
1227 2022 1372 2089 quod
1399 2038 1501 2088 ego
1527 2023 1745 2087 quidem
1769 2023 2113 2088 probabilius

121 2092 384 2151 arbitror,
414 2104 550 2141 suae
578 2091 977 2142 existimationi
1012 2106 1251 2155 parcens
1285 2090 1573 2141 tacuisset.
1636 2106 1783 2141 nunc
1808 2092 1937 2141 novi
1972 2092 2113 2143 nihil

121 2158 294 2208 affert
313 2165 536 2222 praeter
555 2172 768 2209 errores
788 2162 845 2208 et
867 2158 1130 2209 convicia.
1167 2158 1313 2209 solet
1332 2164 1519 2208 autem
1541 2173 1690 2208 meos
1711 2158 2111 2223 multorumque

119 2226 302 2275 libros
337 2226 620 2291 Hauptius
653 2226 740 2274 ita
771 2225 973 2291 legere,
1009 2229 1072 2274 ut
1098 2241 1165 2276 ea
1191 2240 1335 2291 quae
1362 2226 1737 2290 vituperanda
1762 2226 1978 2275 duxerit
2003 2242 2112 2276 me-

123 2294 356 2343 moriter
388 2296 606 2343 teneat.
642 2294 1074 2357 quotiescunque
1099 2307 1310 2345 mecum
1337 2294 1632 2351 consentit,
1666 2293 1887 2343 laborat
1921 2295 2111 2344 nescio

124 2364 480 2477 ἓῗὲωῗῗιῖζέ.
497 2358 1380 2507 Ἓῖἓνξῖωὲἕέἲηίἳθῗέρἒἓῗι
1400 2360 2111 2506 οῗὲἒξῐὲἓῒαξῖἑέῗὲζ·

123 2494 235 2544 vol.
277 2496 306 2543 1
344 2510 395 2570 p.
420 2492 542 2558 399)
581 2493 673 2544 vel
707 2495 767 2544 in
803 2494 979 2545 Schol.
1001 2494 1212 2559 Vergil.
1254 2487 1456 2559 κωφὸν
1478 2484 1785 2557 πρόσωπον
1821 2509 1919 2558 pro
1947 2488 2113 2557 ἰοφό-

123 2577 229 2623 ρον
259 2553 572 2623 πρόσωπον
603 2562 837 2625 requirit
860 2561 1065 2623 (Herm.
1089 2562 1201 2613 vol.
1228 2564 1261 2611 5
1285 2577 1339 2627 p.
1368 2558 1509 2625 179),
1547 2562 1768 2624 ignorat
1792 2561 1935 2611 istas
1959 2576 2111 2611 meas

123 2643 250 2678 esse
301 2628 715 2678 emendationes
761 2628 834 2691 (v.
870 2628 1150 2693 Aristoph.
1197 2630 1281 2693 By
1284 2644 1333 2678 z.
1379 2642 1431 2692 p.
1468 2629 1535 2678 60
1584 2633 1641 2676 et
1686 2628 1937 2680 Zeitsclzr.
1972 2628 2017 2690 f.
2056 2631 2110 2678 d.

125 2694 725 2746 Altertk.-Wiss.1855
760 2710 814 2759 p.
842 2695 982 2757 273)
1055 2696 1202 2745 idem
1238 2694 1308 2745 de
1346 2694 1523 2745 Schol.
1562 2694 1707 2746 Stat.
1734 2693 1908 2745 Theb.
1936 2695 1987 2755 ὃ
2014 2697 2113 2745 163

126 2768 185 2811 et
229 2761 298 2811 de
343 2759 608 2813 Cercidae
654 2763 931 2814 mentione
979 2763 1220 2827 quadam
1264 2762 1324 2811 in
1369 2762 1553 2814 Herm.
1590 2760 1696 2813 vol.
1731 2764 1765 2811 4
1811 2778 1865 2827 p.
1903 2762 2003 2813 338
2056 2766 2113 2813 et

124 2829 242 2881 vol.
284 2830 318 2879 5
354 2844 406 2893 p.
445 2830 544 2879 183
577 2843 659 2891 sq.
695 2829 777 2879 ita
815 2829 1064 2895 disputat
1097 2834 1160 2879 ut
1204 2829 1464 2880 videatur
1498 2844 1606 2879 non
1654 2830 1858 2893 legisse
1897 2845 2039 2894 quae
2078 2846 2114 2879 a

125 2911 214 2945 me
247 2895 312 2944 in
347 2897 477 2946 Eur.
520 2896 713 2959 fragm.
759 2911 814 2961 p.
851 2896 930 2947 VI
967 2911 1047 2962 sq.
1089 2902 1145 2946 et
1179 2896 1405 2947 Bulletin
1450 2898 1514 2947 de
1556 2896 1765 2947 I’Aead.
1813 2899 1906 2947 des
1939 2912 2009 2951 sc.
2048 2900 2113 2947 de

40 2974 42 2981 ·
125 2962 204 3011 St.
241 2963 591 3025 Pe'tersboury
626 2962 733 3013 XII
771 2978 826 3027 p.
850 2964 1144 3014 520—523
1183 2964 1299 3013 sive
1337 2964 1607 3028 Melanyes
1648 2964 2115 3015 Greco-Rom.111

125 3046 176 3093 p.
203 3029 408 3079 65—68
433 3029 495 3078 di
510 3036 601 3078 cta
628 3035 803 3082 erant.
840 3031 1129 3081 verborum
1166 3030 1470 3093 licentiam,
1509 3046 1617 3096 qua
1653 3031 1712 3080 in
1746 3046 1829 3080 me
1868 3030 2114 3081 abutitur

125 3096 428 3161 Hauptius‚
453 3096 603 3146 haud
627 3100 860 3160 gravate
887 3098 1026 3161 fero,
1055 3112 1178 3148 cum
1203 3097 1345 3147 nihil
1372 3096 1551 3147 adhuc
1578 3098 1710 3147 mihi
1735 3099 1871 3147 vitio
1898 3098 2115 3148 dederit

127 3163 272 3226 quod
310 3162 589 3213 excidisse
617 3164 752 3213 mihi
785 3164 1010 3219 nollem.
1069 3166 1193 3229 ipse
1219 3164 1399 3215 nollet
1434 3165 1673 3215 fortasse
1700 3164 1810 3215 sibi
1834 3166 2111 3215 excidisse

126 3231 256 3281 duos
289 3229 616 3293 versiculos,
661 3231 863 3293 quibus
897 3230 1212 3282 Phaedrum
1252 3246 1429 3296 nuper
1467 3232 1673 3283 ditavit
1708 3232 1917 3294 (Herm.
1945 3233 2052 3282 vol.
2078 3234 2111 3281 2

48 3314 51 3323 ¹
125 3313 174 3361 p.
211 3300 239 3350 7
267 3294 396 3363 sqq)
437 3300 687 3362 exemplis
723 3300 1014 3349 continetur
1047 3301 1259 3363 apoloyi
1289 3314 1449 3363 oenus
1485 3305 1543 3349 et
1577 3301 1904 3349 iucunditatis
1938 3314 2115 3349 ansam

62 3365 73 3378 “
123 3368 358 3429 repperit
399 3364 591 3415 Venus.
657 3368 810 3415 certe
845 3368 1082 3430 utroque
1119 3367 1178 3416 in
1213 3381 1379 3415 versu
1405 3366 1659 3416 vitiosum
1696 3365 1885 3415 intulit
1921 3367 2113 3429 quinto

125 3433 248 3495 pedi
273 3432 541 3484 iambum.
590 3433 804 3497 siquem
831 3433 998 3483 alium
1021 3432 1310 3497 Hauptius
1334 3432 1567 3482 vidisset
1592 3432 1797 3482 similia
1822 3432 2111 3481 admisisse

84 3525 93 3534 -
127 3500 286 3563 titia,
336 3505 550 3563 quanto
585 3499 750 3550 hiatu
798 3500 1172 3563 increpuisset
1210 3499 1553 3551 “libidinem
1590 3503 1746 3549 extra
1780 3497 2109 3561 disciplinae

126 3566 255 3617 fines
289 3571 502 3617 temere
541 3569 979 3633 evagantem”?

219 3654 404 3696 svau).
437 3654 568 3698 vol..
599 3654 634 3696 1.
1772 3648 1809 3705 d

1802 3787 1811 3798 ,
1884 3778 1921 3796 :-
1930 3791 1941 3794 ,.
1956 3766 2241 3794 φι-...ἷ-Ι-
