2492 3900
201 1881 346 1943 XO.

203 2085 354 2148 ΘΗ.

1016 176 1426 235 ΙΚΕΤΙΔΕΣ
2094 170 2217 237 377

434 342 783 433 ζηλοῦνθ’,
813 344 907 415 ἵν’
941 342 1150 415 αὐτὸν
1177 346 1535 434 χρημάτων
1564 350 1732 433 ἔρως
1758 351 1895 434 ἔχῃ,

434 448 514 517 τά
541 444 602 516 τ’
637 445 868 537 οἰκτρὰ
893 446 1051 528 τούς
1070 446 1160 535 μὴ
1191 453 1541 534 δυστυχεῖς
1575 448 1999 534 δεδορκέναι·

433 550 552 620 τόν
577 547 655 618 θ’
690 546 1067 637 ὑμνοποιὸν
1094 546 1299 629 αὐτὸς
1326 544 1412 618 ἂν
1445 556 1633 637 τίκτῃ
1663 551 1828 636 μέλη
2124 565 2220 619 180

433 658 751 739 χαίροντα
781 658 1033 722 τίκτειν
1051 673 1066 688 ·
1096 648 1183 739 ἢν
1210 650 1287 721 δὲ
1313 649 1403 739 μὴ
1432 650 1651 738 πάσχῃ
1678 650 1854 735 τόδε,

435 750 620 821 οῦτοι
649 751 913 822 δύναιτ’
948 749 1034 823 ἂν
1061 756 1339 823 οἴκοθέν
1364 750 1431 841 γ’
1466 750 1801 840 άτώμενος

433 857 703 942 τέρπειν
731 850 817 923 ἂν
844 851 1118 935 ἄλλους·
1165 852 1327 925 οὐδὲ
1352 853 1481 944 γὰρ
1512 860 1711 942 δίκην
1738 860 1919 940 §xa-J

435 952 580 1043 τάχ’
613 946 741 1025 οὖν
770 952 856 1025 ἄν
888 967 1133 1045 εἴποις,
1161 963 1510 1026 Πελοπίαν
1537 958 1771 1045 παρεὶς
1798 954 2017 1043 χθόνα

435 1065 575 1138 πῶς
608 1072 748 1138 ταῖς
770 1055 1090 1147 Ἀθήναις
1117 1058 1317 1129 τόνδε
1344 1057 1781 1147 προστάσσεις
1806 1056 2054 1141 πόνους
2128 1074 2220 1129 185

437 1157 566 1247 ἐγώ
597 1160 858 1241 δίκαιός
887 1160 1016 1249 εἰμ’
1054 1158 1471 1250 ἀφηγεῖσθαι
1498 1160 1675 1230 τάδε.

434 1261 714 1350 Σπάρτη
743 1263 869 1350 μὲν
895 1260 1040 1351 ώμὴ
1067 1266 1182 1332 καὶ
1209 1269 1633 1334 πεποίκιλται
1658 1260 1969 1350 τρόπους,

435 1362 514 1432 τὰ
541 1360 606 1433 δ’
636 1361 804 1433 ἄλλα
836 1363 1043 1454 μικρὰ
1074 1362 1379 1453 κάσθενῆ
1396 1386 1411 1402 ·
1446 1364 1635 1445 πόλις
1665 1365 1741 1434 δὲ
1769 1363 1853 1451 σὴ

435 1464 606 1553 μόνη
636 1464 900 1537 δύναιτ’
933 1462 1019 1536 ἂν
1045 1464 1232 1537 τόνδ’
1271 1463 1645 1555 ὑποστῆναι
1672 1465 1904 1535 πόνον.

435 1568 536 1651 [τά
562 1565 624 1636 τ’
657 1567 891 1658 οἰκτρὰ
917 1567 1044 1658 γὰρ
1074 1572 1355 1657 δέδορκε
1381 1570 1495 1638 καὶ
1523 1574 1805 1638 νεανίαν
2123 1584 2221 1639 190

438 1676 570 1757 ἔχει
597 1670 672 1740 σε
698 1669 966 1759 ποιμέν’
1000 1671 1252 1741 ἐσθλόν
1270 1694 1283 1709 ·
1316 1662 1400 1741 οῦ
1426 1679 1619 1761 χρείᾳ
1646 1670 1873 1749 πόλεις

441 1774 681 1841 πολλαὶ
714 1770 1024 1842 διώλοντ’
1059 1777 1313 1854 ἐνδεεῖς
1340 1768 1842 1861 στρατηλάτου.]

432 1871 615 1962 κάγὼ
645 1872 764 1943 τὸν
793 1871 1002 1944 αὐτὸν
1036 1878 1212 1968 τῷδέ
1236 1898 1341 1944 σοι
1374 1874 1575 1962 λόγον
1603 1876 1797 1996 λέγω,

437 1983 696 2064 Θησεῦ,
731 1973 823 2046 δι’
862 1944 1098 2046 οἴκτού
1121 1975 1237 2058 τὰς
1266 1975 1425 2065 ἐμὰς
1452 1984 1686 2064 λαβεῖν
1710 1975 1931 2062 τύχας.

443 2075 709 2146 αλλοισι
743 2075 867 2166 δὴ’
875 2075 1116 2201 πόνησ’
1152 2075 1546 2167 ἁμιλληθεὶς
1574 2078 1753 2188 λόγω
2121 2095 2221 2149 195

438 2176 690 2272 τοιῷδ’.
748 2183 926 2262 ἔλεξε
953 2180 1081 2269 γάρ
1109 2208 1208 2261 τις
1238 2177 1326 2263 ὡς
1354 2179 1433 2248 τὰ
1458 2182 1733 2270 χείρονα

436 2290 644 2351 πλείω
672 2290 1024 2408 βροτοῖσίν
1042 2286 1178 2352 ἐστι
1204 2290 1342 2352 τῶν
1369 2279 1775 2372 ἀμεινόνων·

439 2383 568 2470 ἐγω
601 2383 676 2452 δὲ
702 2383 960 2464 τούτοις
987 2381 1226 2454 ἀντίαν
1253 2384 1531 2473 γνώμην
1559 2392 1685 2473 ἔχω

437 2493 664 2572 [πλείω
682 2486 762 2555 τὰ
777 2486 1026 2572 χρηστὰ
1056 2493 1193 2556 τών
1219 2493 1448 2556 κακῶν
1478 2485 1649 2556 εἶναι
1675 2494 1937 2574 βροτοῖς
1955 2507 1968 2522 ·

439 2593 502 2656 εί
524 2585 613 2675 μὴ
641 2586 772 2676 γὰρ
798 2579 886 2675 ἦν
911 2584 1082 2674 τόδ’,
1111 2585 1237 2657 οὐκ
1267 2583 1355 2656 ἄν
1386 2586 1564 2674 ἤμην
1587 2590 1661 2653 ἐν
1680 2584 1883 2669 φάει].
2118 2605 2217 2656 200

438 2695 607 2758 acm-5
639 2686 705 2757 δ’
747 2686 820 2769 ὃς
844 2684 1007 2776 ἡμῖν
1032 2695 1267 2777 βίοτον
1295 2692 1368 2758 ἐκ
1401 2691 1841 2778 πεφυρμένου

441 2793 552 2860 καὶ
579 2790 968 2880 θηριώδους
995 2798 1183 2861 θεῶν
1211 2790 1769 2880 διεσταθμήσατο,

436 2899 705 2980 πρῶτον
732 2893 856 2980 μὲν
883 2895 1109 2974 ἐνθεὶς
1136 2894 1449 2980 σύνεσιν,
1481 2893 1619 2964 εἶτα
1649 2889 1715 2962 δ’
1750 2891 2039 2981 ἄγγελον

438 3000 749 3080 γλῶσσαν
778 2994 1001 3082 λόγων
1030 2992 1225 3083 δούς,
1258 3023 1348 3077 ως
1373 3002 1813 3084 γεγωνίσκειν
1841 3021 1995 3080 οπα,

438 3093 702 3184 τροφήν
733 3124 804 3166 τε
829 3104 1095 3186 καρποῦ
1122 3104 1203 3185 τῇ
1230 3105 1448 3186 τροφῇ
1476 3094 1523 3165 τ’
1565 3093 1680 3166 ἀπ’
1713 3095 2012 3186 ούρανοῦ
2115 3112 2218 3164 205

436 3197 763 3286 σταγόνας
790 3194 1118 3286 ὑδρηλάς,
1150 3225 1237 3278 ως
1264 3198 1345 3268 τά
1372 3195 1437 3286 γ’
1470 3202 1542 3267 ἐκ
1572 3207 1764 3287 γαίας
1790 3201 2001 3288 τρέφῃ

439 3295 612 3390 αρδῃ
640 3327 711 3369 τε
737 3299 988 3388 νηδύν·
1019 3297 1186 3389 πρὸς
1213 3301 1290 3369 δὲ
1319 3315 1488 3370 τοῖσι
1512 3306 1816 3388 χείματος

440 3399 875 3490 προβλήματ’,
909 3400 1154 3489 αἶθρον
1181 3401 1640 3490 ἐξαμύνασθαι
1667 3406 1861 3484 θεοῦ,

437 3500 692 3573 πόντου
720 3530 792 3574 τε
817 3500 1349 3591 ναυστολήμαθ’,
1383 3500 1472 3584 ὥς
1500 3498 1861 3587 διαλλαγὰς
