2492 3900
643 103 888 156 ΓΕΝΟΣ
925 101 1345 154 ΕΤΡῙΠΙΔΟΤ
1380 104 1511 153 KAI
1546 102 1721 154 ΒΙΟΣ
2069 104 2175 155 VII

185 255 480 335 ἐπιγῆμαι
507 253 572 314 δὲ
608 251 797 315 αὐτὸν
837 251 1200 353 δευτέραν,
1171 254 1255 332 η“ν
1296 251 1491 335 εὑρών
1528 251 1993 334 άκολαστοτέραν
2030 275 2176 336 προ-

185 337 534 419 χειροτέρως
561 340 644 411 εἶς
689 338 800 416 τὴν
826 332 974 399 κατὰ
1002 349 1124 400 τῶν
1149 349 1462 418 γυναικων
1497 341 1883 443 βλασφημίαν
1911 337 2175 417 ἐθρασύ-
2199 353 2253 394 '15

185 446 349 484 νετο.
411 425 482 484 αἱ
504 420 570 483 δὲ
608 428 890 521 γυναῖκες
921 420 1349 528 ἐβουλήθησαν
1390 419 1579 484 αὐτὸν
1615 430 1841 486 κτεῖναι
1870 424 2178 485 εἰσελθοῦ-

187 526 294 567 σαι
341 508 429 579 εἰς
476 496 542 566 τὸ
580 500 868 586 σπήλαιον
909 506 974 567 έν
1011 500 1064 591 ᾧ
1101 507 1355 588 γράφων
1380 507 1635 574 διετέλει
1700 505 2091 610 διαβάλλεται
2112 505 2181 568 δὲ

185 589 314 652 ὑπὸ
361 589 606 668 φθόνου
647 590 728 665 ὥς
769 591 873 652 τὸν
915 595 1368 669 Κηφισοφωντα
1408 585 1525 669 εἶχε
1566 601 1975 670 συμποιοῦντα
2014 587 2177 674 αὐτῷ

185 676 300 748 τὰς
334 675 682 758 τραγῳδίας.
739 673 894 755 λέγει
923 675 990 736 δὲ
1019 699 1120 735 και
1141 676 1483 782 1Ἕρμιππος
1516 676 1838 736 Διονύσιον
1866 674 1973 736 τὸν
2001 653 2177 738 Σικέ-

187 761 324 833 λίας
371 761 672 840 τύραννον
715 759 858 837 μετὰ
901 758 1013 838 τὴν
1052 765 1326 838 τελευτην
1364 769 1469 821 τοῦ
1510 756 1851 842 Εὐριπίδου
1890 758 2181 820 τάλαντον
2204 779 2257 822 80

187 851 320 918 τοῖς
365 844 752 924 κληρονόμοις
793 841 982 904 αὐτοῦ
1021 841 1343 922 πέμψαντα
1388 847 1595 923 λαβεῖν
1620 843 1685 906 τὸ
1714 843 2051 925 ψαλτήριον
2078 844 2181 904 καὶ

188 929 306 1007 τὴν
353 926 562 988 δέλτον
592 927 694 988 καὶ
720 925 786 988 τὸ
811 934 1129 1006 γραφεῖον,
1139 927 1313 1030 άπερ
1342 929 1548 990 ἰδόντα
1587 934 1859 990 κελεῦσαι
1898 927 2037 1000 τοὺς
2068 926 2177 1005 φέ-

189 1035 411 1092 ροντας
445 1011 512 1072 ἐν
540 1021 622 1096 τῷ
651 1013 982 1073 Μουσῶν’“
952 1021 1091 1095 ιερω
1117 1007 1444 1074 ἀναθεῖναι
1473 1011 1883 1092 ἐπιγράψαντα
1914 1020 2037 1084 τοῖς
2064 1010 2179 1073 αὖ-

188 1121 299 1158 του
345 1095 451 1157 καὶ
482 1074 821 1204 Εὐριπίδου
861 1093 1124 1175 ὀνόμασι.
1189 1096 1287 1157 διὸ
1323 1119 1425 1157 και
1466 1096 1929 1174 ξενοφιλωτατον
1968 1102 2180 1176 κεκλῆ-

190 1187 352 1240 σθαι
393 1180 546 1256 φασὶ
583 1179 684 1240 διὰ
727 1203 793 1240 το
827 1181 1076 1258 μάλιστα
1115 1177 1236 1241 ὑπὸ
1278 1180 1465 1256 ξένων
1514 1186 1854 1258 φιλεῖσθαι·
1906 1178 2027 1242 ὑπὸ
2068 1204 2179 1261 γαρ
2203 1201 2256 1240 85

184 1263 546 1342 Ἀθηναίων
597 1261 933 1341 ἐφθονεῖτο.
998 1266 1307 1344 μειρακίου
1357 1264 1427 1326 δέ
1474 1287 1633 1338 τινος
1686 1262 2179 1366 άπαιδευτοτέρου

189 1351 388 1428 στόμα
417 1347 762 1421 δυσῶδες”
725 1370 880 1426 εχειν
909 1345 1026 1410 ὑπὸ
1055 1349 1301 1426 φθόνου
1340 1342 1527 1410 αυτὸν
1553 1349 1845 1428 εἰπόντος,
1878 1343 2177 1429 εὖφήμει’

191 1433 345 1511 ἔφη·
375 1429 633 1538 Σμέλιτος
663 1433 764 1493 καὶ
793 1433 1104 1530 Σειρήνων
1131 1433 1491 1513 γλυκύτερον
1518 1434 1746 1512 στόμα.

370 1516 633 1578 ἔσκωπτε
663 1515 730 1576 δὲ
761 1539 862 1590 τας
892 1523 1183 1597 γυναῖκας
1213 1516 1313 1577 δια
1344 1527 1467 1580 τῶν
1493 1519 1838 1596 ποιημάτων
1864 1515 1951 1578 δι’
1982 1518 2181 1579 αἰτίαν

190 1601 456 1663 τοιάνδε.
518 1595 673 1680 εἶχεν
723 1599 1014 1681 οἰκογενὲς
1057 1601 1361 1681 μειράκιον
1410 1598 1655 1679 ὀνόματι
1694 1607 2177 1696 Κηφισοφῶντα·
2206 1623 2258 1662 οο

189 1687 344 1790 πρὸς
393 1695 606 1746 τοῦτον
646 1683 916 1789 ἐφώρασε
958 1684 1068 1763 τὴν
1104 1687 1331 1748 οἰκείαν
1368 1692 1625 1766 γυναῖκα
1664 1683 2057 1748 άτακτοῦσαν.
2118 1679 2183 1746 τὸ

189 1769 308 1849 μὲν
339 1763 456 1830 οὖν
486 1779 724 1849 πρωτον
761 1765 1086 1850 ἀπέτρεπεν
1123 1766 1511 1849 ἁμαρτάνειν·
1554 1767 1679 1831 ἐπεὶ
1708 1763 1770 1830 δ’
1805 1767 1916 1832 οὐκ
1956 1770 2181 1847 ἔπειθε,

192 1851 512 1914 κατέλιπεν
548 1850 739 1914 αὖτω
753 1853 864 1959 την
901 1859 1192 1960 γυναῖκα,
1233 1853 1599 1933 βουλομένου
1648 1853 1842 1933 αυτὴν
1882 1853 2035 1932 ἔχειν
2074 1863 2183 1914 του

193 1943 700 2017 Κηφισοφωντος.
760 1935 914 2018 λέγει
942 1930 1055 1999 ουν
1082 1938 1186 1998 καὶ
1211 1935 1242 1997 ὁ
1269 1935 1726 2017 Ἀριστοφάνης·

479 2026 887 2100 Κηφισοφῶν
911 2020 1114 2127 05‘919'15
1142 2022 1247 2082 καὶ
1275 2020 1613 2100 μελάντατε,
2206 2043 2258 2083 95

509 2106 584 2167 σὺ
613 2104 681 2166 δὲ
710 2105 952 2185 ξυνέζης
981 2130 1064 2178 ως
1093 2129 1162 2166 τα
1193 2103 1361 2166 πόλλ’
1396 2102 1698 2205 Εὐριπίδη

507 2190 610 2251 καὶ
639 2192 970 2263 συνεποίεις
999 2187 1082 2263 ὥς
1113 2190 1262 2268 φησὶ
1293 2190 1394 2250 καὶ
1421 2186 1530 2269 τὴν
1554 2192 1867 2275 μελωδίαν.

191 2276 438 2381 λέγουσι
467 2274 535 2335 δὲ
573 2274 674 2336 καὶ
701 2298 792 2335 οτι
835 2280 1116 2355 γυναῖκες
1146 2273 1244 2334 δια
1290 2273 1427 2347 τους
1467 2274 1698 2353 ψόγους
1739 2274 1845 2347 ους
1886 2271 2067 2336 ἐποίει
2098 2275 2181 2347 εἰς

191 2358 391 2432 αυτὰς
423 2358 528 2419 δια
560 2383 679 2420 των
705 2359 1068 2438 ποιημάτων,
1099 2364 1220 2431 τοῖς
1253 2358 1676 2438 Θεσμοφορίοις
1717 2356 2042 2437 ἐπέστησαν
2068 2382 2181 2418 αυ-

191 2455 280 2540 τῷ
311 2443 675 2525 βουλόμεναι
699 2440 963 2504 ἀνελεῖν·
1007 2441 1319 2519 ἐφείσαντο
1347 2441 1413 2503 δὲ
1454 2439 1642 2504 αυτοῦ
1677 2452 1917 2540 πρῶτον
1942 2440 2053 2522 μὲν
2082 2440 2181 2502 διὰ
2211 2462 2285 2502 100

191 2553 305 2601 τας
340 2527 636 2608 Μουσας,
675 2524 872 2588 ἔπειτα
901 2525 968 2588 δὲ
1008 2525 1495 2606 βεβαιωσαμένου
1530 2524 1738 2603 μηκέτι
1766 2550 1951 2598 αυτας
1981 2536 2183 2598 κακως

192 2612 378 2693 ε’ρεῐν.
443 2611 510 2672 ἑν
537 2622 689 2691 γουν
719 2620 789 2692 τῇ
814 2610 1194 2715 Μεναλίππῃ
1221 2610 1357 2689 περὶ
1384 2633 1589 2671 αυτων
1616 2606 1755 2669 τάδε
1785 2611 1963 2687 φησί·

509 2696 702 2774 μάτην
729 2691 832 2774 ἄρ’
865 2696 949 2767 εἰς
978 2700 1269 2775 γυναῖκας
1300 2692 1360 2768 ἐξ
1388 2690 1633 2774 ἀνδρων
1660 2690 1852 2773 ψόγος

509 2780 744 2857 ψάλλει,
772 2772 949 2839 κενὸν
977 2776 1245 2880 τόξευμα,
1279 2778 1379 2838 καὶ
1405 2801 1605 2848 κακως
1635 2776 1814 2857 λέγει·

509 2865 579 2923 αἳ
606 2860 667 2924 δ’
701 2858 816 2923 εἴσ’
850 2858 1127 2941 ἀμείνους
1155 2855 1508 2941 ἆρσένων,’
1474 2859 1591 2965 εγώ
1622 2860 1768 2943 λέγω
2216 2881 2289 2922 ιο5

193 2948 299 3009 καὶ
333 2971 406 3009 τα
440 2946 594 3026 ἑξῆς.
645 2945 805 3007 ου’τω
837 2946 904 3007 δὲ
931 2943 1118 3007 αυτὸν
1137 2944 1427 3025 Φιλήμων
1454 2939 1762 3026 ἠγάπησεν
1791 2970 1873 3019 ως
1906 2952 2190 3026 τολμῆσαι

194 3033 335 3113 περὶ
365 3030 557 3093 αυτοῦ
589 3041 856 3092 τοιοῦτον
884 3032 1100 3093 εἰπεῖν

513 3117 568 3177 εἰ
594 3121 722 3187 ταῖς
750 3110 1130 3193 άληθείαισιν
1171 3138 1229 3177 οι
1257 3109 1609 3194 τεθνηκότες

510 3200 804 3277 αἴσθησιν
831 3193 1009 3277 εἶχον,
1035 3196 1277 3303 ἄνδρες,
1308 3196 1389 3273 ὥς
1419 3200 1610 3277 φασίν
1637 3222 1815 3276 τινες,

509 3280 922 3363 άπηγξάμην’
892 3282 972 3344 dv
1001 3279 1145 3344 ωστ’
1179 3284 1335 3345 ἰδεῖν
1364 3280 1723 3364 Εὐριπίδην.
2214 3297 2291 3337 110
