2492 3900
148 878 279 939 TP.

142 2609 290 2670 XO.

148 3015 278 3076 'TP.

141 3117 216 3176 Χ
216 3117 293 3176 Ο.

161 3218 284 3278 TP.

147 3321 214 3380 Χ
217 3319 294 3380 Ο.

153 3421 280 3481 TP.

149 3523 212 3583 Χ
218 3523 294 3582 Ο.

899 189 1413 249 ΙΠΠΟΛΥΤΟΣ
2037 183 2161 247 423

373 362 662 450 κρύπτε·
693 355 842 429 κατ’
881 354 1105 428 ὅσσων
1138 356 1357 445 δάκρυ
1387 383 1498 443 μοι
1527 362 1769 445 βαίνει,
2060 371 2163 425 245

377 467 490 532 καὶ
518 460 623 532 ἐπ’
657 458 986 550 αἰσχύναν
1014 456 1192 548 ὄμμα
1220 462 1595 548 τέτραπται.

376 564 450 636 τὸ
481 563 610 654 γὰρ
636 560 1024 652 ὀρθοῦσθαι
1052 560 1327 649 γνώμαν
1356 557 1592 651 ὂδυνᾷ,

377 664 450 735 τὸ
482 666 556 736 δὲ
581 660 990 753 μαινόμενον
1019 665 1262 733 κακόν·
1319 657 1488 730 ἀλλὰ
1512 677 1747 750 κρατεῖ

379 766 469 857 μὴ
498 763 938 856 γιγνώσκοντ’
972 762 1368 835 ἀπολέσθαι.

377 870 652 960 κρύπτω
673 892 688 907 ·
718 867 793 938 τὸ
825 865 889 937 δ’
923 864 1086 956 ἐμὸν
1112 865 1271 936 πότε
1301 863 1385 951 δὴ
1413 864 1706 945 θάνατος
2060 884 2165 937 250

377 978 566 1060 σῶμα
594 970 910 1051 καλύψας

381 1072 593 1142 πολλὰ
621 1071 923 1143 διδάσκει
951 1067 1022 1159 μ’
1054 1066 1090 1138 ὁ
1120 1066 1332 1149 πολὺς
1358 1074 1596 1154 βίοτος.

380 1182 548 1263 χρῆν
577 1173 705 1264 γὰρ
734 1179 1004 1263 μετρίας
1035 1178 1129 1251 εἰς
1157 1167 1488 1258 ἀλλήλους

381 1284 606 1366 φιλίας
633 1274 930 1364 θνητοὺς
957 1269 1451 1362 ἀνακίρνασθαι

380 1380 492 1447 καὶ
521 1378 610 1468 μὴ
643 1376 810 1467 πρὸς
837 1374 1048 1465 ἄκρον
1073 1373 1327 1462 μυελὸν
1354 1381 1589 1461 ψυχῆς,
2062 1396 2163 1447 255

381 1477 630 1549 εὔλυτα
661 1477 727 1549 δ’
761 1479 933 1548 εἶναι
962 1480 1347 1568 στέργηθρα
1375 1481 1651 1566 φρενῶν

380 1579 510 1651 ἀπό
539 1579 601 1651 τ’
635 1580 944 1651 ὤσασθαι
968 1581 1085 1649 καὶ
1110 1582 1470 1661 ξυντεῖναι.

376 1682 450 1754 τὸ
479 1681 543 1753 δ’
578 1680 748 1772 ὑπὲρ
780 1689 1031 1753 δισσῶν
1063 1688 1225 1770 μίαν
1253 1677 1527 1749 ὠδίνειν

375 1784 600 1873 ψυχὴν
627 1783 919 1871 χαλεπὸν
945 1782 1182 1872 βάρος,
1217 1778 1307 1862 ὥς
1334 1776 1515 1868 κάγώ

377 1884 568 1976 τῆσδ’
601 1883 982 1975 ὑπεραλγῶ.
2060 1902 2163 1956 260

376 1988 609 2079 βιότου
643 1985 710 2057 δ’
743 1985 1042 2078 ἀτρεκεϊς
1072 1982 1526 2072 ἐπιτηδεύσεις

377 2093 546 2180 φασὶ
577 2089 904 2178 σφάλλειν
935 2089 1140 2158 πλέον
1166 2082 1212 2173 ἦ
1236 2087 1509 2175 τέρπειν

375 2199 456 2283 τῇ
483 2189 546 2261 τ’
586 2189 823 2280 εύσοίᾳ
849 2197 1106 2278 μᾶλλον
1133 2197 1468 2275 πολεμεῖν.

380 2291 558 2364 οὕτω
584 2291 658 2363 τὸ
687 2300 843 2363 λίαν
866 2283 1080 2380 ἧσσον
1107 2294 1359 2360 ἐπαινῶ

381 2402 503 2465 τοῦ
532 2394 744 2484 μηδὲν
777 2392 980 2482 ἄγαν·
2058 2409 2159 2463 265

379 2500 491 2566 καὶ
517 2493 942 2583 ξυμφήσουσι
967 2501 1174 2582 σοφοί
1195 2521 1327 2580 μοι.

372 2599 579 2685 γύναι
605 2597 874 2687 γεραιά,
904 2600 1245 2685 βασιλίδος
1273 2591 1471 2681 πιστὴ
1502 2594 1711 2682 τροφὲ

377 2706 709 2789 Φαίδρας,
739 2696 874 2784 ὁρῶ
903 2697 1027 2786 μὲν
1051 2697 1254 2766 τάσδε
1281 2695 1655 2783 δυστήνους
1682 2697 1905 2784 τύχας,

381 2800 601 2890 ἄσημα
634 2799 697 2872 δ’
734 2797 894 2890 ἡμῖν
920 2796 1064 2888 ἥτις
1090 2802 1271 2870 ἐστὶν
1298 2795 1342 2886 ἡ
1368 2797 1597 2878 νόσος·

380 2911 505 2973 σοῦ
536 2899 591 2973 δ’
625 2899 710 2972 ἂν
729 2903 1079 2973 πυθέσθαι
1099 2904 1211 2972 καὶ
1230 2902 1465 2972 κλύειν
1492 2900 1881 2989 βουλοίμεθ’
1916 2899 2021 2971 ἄν.
2057 2917 2160 2973 270

373 3003 500 3076 οὐκ
531 3003 660 3074 οἶδ’
693 3009 1036 3093 ἐλέγχους·
1069 3001 1152 3073 ού
1180 3003 1309 3093 γὰρ
1339 3005 1645 3072 ἐννέπειν
1674 3007 1882 3073 θέλει.

377 3104 530 3176 οὐδ’
560 3104 706 3196 ἥτις
731 3103 900 3196 ἀρχὴ
930 3111 1146 3175 τοῖνδε
1171 3105 1493 3194 πημάτων
1523 3111 1691 3190 ἔφυς

383 3215 478 3289 είς
505 3205 753 3278 ταύτὸν
778 3205 962 3296 ἥκεις
978 3229 992 3244 ·
1025 3207 1241 3276 πάντα
1268 3205 1397 3298 γὰρ
1426 3211 1583 3296 σιγᾷ
1607 3206 1785 3276 τάδε.

375 3307 465 3391 ὥς
493 3307 776 3380 ἀσθενεῖ
796 3337 868 3380 τε
895 3311 1009 3379 καὶ
1035 3309 1422 3390 κατέξανται
1452 3309 1672 3396 δέμας.

374 3418 515 3492 πῶς
547 3410 614 3481 δ’
650 3409 767 3500 οὔ,
799 3418 1100 3500 τριταίαν
1128 3403 1281 3480 οὖσ’
1314 3407 1535 3490 ἄσιτος
1561 3407 1851 3502 ἡμέρως
2061 3425 2163 3479 275

375 3515 662 3598 πότερον
692 3511 809 3584 ὑπ’
843 3511 999 3601 ἄτης
1026 3509 1071 3600 ἢ
1097 3523 1344 3582 θανεῖν
1369 3515 1781 3600 πειρωμένη;
