2492 3900
339 146 461 213 150

333 2459 472 2520 XO.

335 2661 472 2721 ΕΚ.

1189 151 1489 208 ΕΚΑΒΗ

564 314 818 388 οὔκουν
845 314 990 387 τόδ’
1023 316 1332 407 αἰσχρόν,
1363 323 1426 385 εἰ
1448 319 1763 404 βλέποντι
1797 321 1922 407 μὲν
1951 327 2131 416 φίλῳ

561 418 928 511 χρώμεσθ’,
958 421 1102 488 ἐπεὶ
1130 416 1198 488 δ’
1220 421 1459 507 ὄλωλε,
1530 418 1621 507 μὴ
1650 419 1988 508 χρώμεσθ’
2022 430 2158 507 ἔτι;

566 522 730 593 εἷεν·
771 528 845 591 τί
866 520 1015 608 δῆτ’
1046 524 1187 609 ἐρεῖ
1209 547 1341 606 τις,
1370 517 1458 607 ’ἦν
1484 547 1583 600 τις
1610 513 1701 590 αὖ
1729 529 1913 612 φανῇ

564 631 850 714 στρατοῦ
877 619 937 691 τ’
971 620 1282 711 ἅθροισις
1306 628 1645 709 πολεμίων
1672 620 1733 691 τ’
1766 620 2061 710 ἀγωνίας

564 726 812 815 πότερα
837 720 1211 813 μαχούμεθ’
1243 718 1289 811 ἢ
1316 724 1882 813 φιλοψυχήσομεν,
2238 747 2345 801 315

562 827 682 897 τὸν
706 823 1127 897 κατθανόνθ’
1166 822 1451 914 ὁρῶντες
1484 822 1568 895 ού
1596 826 2005 913 τιμώμενον;

562 932 674 999 καὶ
699 927 836 1016 μὴν
860 934 1084 1016 ἔμοιγε
1109 934 1305 1011 ζῶντι
1330 930 1473 1015 μέν,
1504 925 1668 995 καθ’
1700 924 1956 1017 ἡμέραν

561 1038 669 1100 κεί
691 1027 916 1119 σμίκρ’
953 1036 1184 1117 ἔχοιμι,
1215 1026 1412 1098 πάντ’
1444 1024 1530 1097 ἂν
1556 1026 1940 1117 ἀρκούντως
1969 1037 2139 1116 ἔχοι·
2244 1109 2263 1121 ἢ

561 1133 820 1220 τύμβον
848 1131 924 1200 δὲ
952 1138 1326 1219 βουλοίμην
1354 1125 1438 1198 ἂν
1464 1126 1865 1217 ἀξιούμενον

561 1232 680 1303 τὸν
706 1230 869 1321 ἐμὸν
895 1230 1187 1321 ὁρᾶσθαι
1204 1254 1218 1268 ·
1257 1229 1369 1301 διὰ
1397 1238 1657 1321 μακροῦ
1685 1230 1813 1319 γὰρ
1850 1228 1891 1319 ἡ
1919 1231 2127 1319 χάρις.
2234 1250 2345 1305 320

565 1343 628 1405 εί
653 1332 716 1403 δ’
751 1333 983 1423 οἰκτρὰ
1011 1334 1292 1421 πάσχειν
1320 1332 1483 1419 φής,
1515 1330 1662 1403 τάδ’
1698 1329 2032 1402 ἀντάκουέ
2055 1358 2222 1421 μου·

561 1438 733 1506 εἰσὶν
762 1433 920 1524 παρ’
953 1433 1114 1523 ἡμῖν
1143 1432 1349 1504 οὐδὲν
1381 1425 1592 1521 ἧσσον
1620 1432 1854 1503 ἄθλιαι

561 1551 789 1627 γραῖαι
817 1552 1134 1623 γυναῖκες
1156 1532 1278 1623 ἠδὲ
1306 1541 1677 1624 πρεσβῦται
1700 1538 1926 1622 σέθεν,

558 1636 821 1726 νύμφαι
850 1635 911 1705 τ’
945 1634 1236 1727 ἀρίστων
1265 1644 1583 1725 νυμφίων
1610 1637 2002 1725 τητώμεναι,

561 1732 659 1809 ὦν
687 1736 808 1828 ἥδε
835 1738 1072 1808 κεύθει
1107 1734 1359 1825 στόματ’
1387 1735 1591 1807 Ἰδαία
1618 1739 1823 1818 κόνις.
2241 1758 2344 1813 325

561 1840 768 1929 τόλμα
794 1836 939 1911 τάδ’
963 1862 976 1877 ·
1010 1837 1199 1927 ἡμεῖς
1228 1837 1293 1909 δ’
1328 1846 1391 1908 εἰ
1412 1848 1633 1920 κακῶς
1666 1847 2020 1927 νομίζομεν

560 1951 760 2032 τιμᾶν
787 1942 906 2014 τὸν
934 1943 1215 2030 ἐσθλόν,
1247 1938 1551 2031 ἀμαθίαν
1580 1938 1961 2030 ὀφλήσομεν
1978 1965 1993 1980 ·

561 2052 632 2116 οἱ
651 2047 980 2136 βάρβαροι
1011 2046 1086 2115 δὲ
1111 2044 1275 2132 μήτε
1303 2041 1458 2124 τοὺς
1486 2050 1725 2131 φίλους
1754 2051 1996 2132 φίλους

563 2145 840 2236 ἡγεῖσθε
867 2146 1030 2235 μήτε
1062 2145 1217 2226 τούς
1246 2152 1465 2226 καλῶς
1491 2144 1899 2232 τεθνηκότας

559 2345 750 2436 ὑμεῖς
778 2345 842 2416 δ’
877 2344 1069 2435 ἔχηθ’
1102 2345 1298 2435 ὅμοια
1325 2364 1462 2428 τοῖς
1490 2347 1965 2437 βουλεύμασιν.

561 2457 727 2519 αἰαῖ·
767 2447 841 2519 τὸ
871 2455 1117 2519 δοῦλον
1147 2446 1234 2531 ὡς
1262 2447 1473 2518 κακὸν
1502 2447 1753 2537 πέφυκ’
1790 2446 1895 2518 ἀεὶ

559 2559 766 2644 τολμᾷ
795 2549 870 2621 θ’
903 2548 947 2621 ἃ
977 2549 1068 2640 μὴ
1099 2551 1257 2642 χρή,
1285 2559 1364 2642 τῇ
1395 2559 1513 2643 βία
1540 2551 1937 2639 νικώμενον.

557 2646 612 2724 03
637 2655 973 2743 θύγατερ,
1005 2650 1202 2741 οὑμοὶ
1228 2653 1354 2741 μὲν
1379 2654 1567 2741 λόγοι
1595 2651 1762 2742 πρὸς
1788 2655 2031 2741 αἰθέρα

559 2761 854 2844 φροῦδοι
879 2755 1096 2843 μάτην
1126 2757 1434 2843 ῥιφέντες
1462 2752 1635 2842 ἀμφὶ
1664 2761 1789 2824 σοῦ
1820 2754 2074 2842 φόνου·
2234 2769 2345 2824 335

560 2853 647 2926 σὺ
677 2852 740 2924 δ’
777 2866 845 2924 εἴ
866 2883 929 2924 τι
953 2863 1152 2943 μείζω
1181 2855 1476 2944 δύναμιν
1501 2852 1547 2944 ἦ
1572 2856 1785 2945 μήτηρ
1814 2861 2002 2941 ἔχεις,

562 2955 893 3040 σπούδαζε
922 2956 1134 3037 πάσας
1164 2953 1321 3026 ὥστ’
1355 2955 1641 3045 ἀηδόνος
1668 2956 1878 3044 στόμα

561 3057 872 3146 φθογγὰς
899 3063 1104 3146 ἱεῖσα,
1131 3056 1221 3146 μὴ
1251 3067 1661 3148 στερηθῆναι
1688 3065 1864 3147 βίου.

562 3159 934 3247 πρόσπιπτε
964 3158 1029 3230 δ’
1065 3167 1344 3251 οἰκτρῶς
1371 3159 1559 3229 τοῦδ’
1591 3158 1965 3237 Ὀδυσσέως
1991 3155 2165 3244 γόνυ

559 3263 674 3329 καὶ
701 3259 886 3331 πεῖθ’
910 3285 925 3299 ·
966 3269 1132 3349 ἔχεις
1161 3262 1236 3332 δὲ
1266 3262 1637 3350 πρόφασιν·
1677 3268 1815 3330 ἔστι
1842 3256 1972 3347 γὰρ
2005 3260 2210 3326 τέκνα
2232 3270 2346 3324 340

563 3364 675 3431 καὶ
700 3369 905 3454 τῷδε,
933 3360 1056 3450 τὴν
1084 3360 1211 3449 σὴν
1237 3360 1396 3430 ὥστ’
1430 3367 1834 3450 ἐποικτεῖραι
1864 3359 2093 3445 τύχην.

332 3467 531 3540 ΠΛΞ.
555 3458 692 3553 ὁρῶ
723 3460 812 3551 σ’,
835 3461 1195 3548 Ὀδυσσεῦ,
1226 3462 1453 3543 δεξιὰν
1479 3458 1605 3548 ὑφ’
1644 3467 1902 3548 εἵματος
