2492 3900
164 619 298 680 10.

164 1738 316 1802 XO.

951 135 1495 196 HPAKAEIAAI
2074 135 2196 199 307

411 300 609 374 κάκεῖ
631 311 953 395 μερίμνας
982 309 1052 373 oc
1079 304 1495 392 θανούμενοι
1524 312 1805 395 βροτῶν,

414 403 541 476 οὐκ
571 403 703 475 οἶδ’
737 402 892 475 ὅποι
919 433 1016 486 τις
1041 408 1354 493 τρέψεται
1373 428 1387 443 ·
1418 405 1494 476 τὸ
1523 404 1651 495 γὰρ
1678 419 1923 479 θανεῖν
2096 425 2195 480 595

411 515 640 578 κακῶν
670 511 984 596 μέγιστον
1015 503 1373 596 φάρμακον
1400 516 1751 596 νομίζεται.

405 606 580 698 ἀλλ’,
614 601 668 678 a}
695 612 1011 697 μέγιστον
1040 607 1443 696 ἐκπρέπουσ’
1480 609 1773 703 εὐψυχίᾳ

410 719 646 782 πασῶν
671 716 1054 800 γυναικῶν,
1087 721 1269 799 ἴσθι,
1300 713 1655 800 τιμιωτάτη

410 815 517 883 καὶ
550 811 705 898 ζῶσ’
737 810 862 902 ὑφ’
897 811 1087 902 ἡμῶν
1113 816 1228 883 καὶ
1260 813 1551 884 θανοῦσ’
1586 823 1723 886 ἔσει
1750 811 1958 884 πολύ·

413 919 524 984 καὶ
551 931 772 1006 χαῖρε·
803 923 1186 1006 δυσφημεῖν
1213 913 1341 1005 γὰρ
1372 913 1603 1005 ἅζομαι
1632 917 1827 1005 θεάν,
2090 934 2195 989 600

411 1007 470 1121 ᾖ.
487 1017 610 1086 σὸν
637 1026 996 1108 κατῆρκται
1023 1025 1247 1106 σῶμα,
1280 1019 1633 1108 Δήμητρος
1659 1019 1887 1108 κόρην.

415 1119 466 1186 ῶ
500 1125 768 1207 παῖδες,
804 1119 1200 1208 οἰχόμεσθα·
1232 1119 1463 1190 λύεται
1490 1123 1655 1209 μέλη

411 1220 622 1312 λύπῃ·
654 1221 949 1310 λάβεσθε
977 1229 1115 1302 κείς
1142 1226 1350 1312 ἕδραν
1377 1221 1452 1312 μ’
1485 1228 1783 1310 ἐρείσατε

413 1320 622 1400 αὐτοῦ
651 1327 956 1394 πέπλοισι
986 1331 1212 1394 τοῖσδε
1235 1326 1637 1415 κρύψαντες,
1667 1328 1885 1396 τέκνα.

409 1422 497 1505 ῶς
525 1421 682 1496 οὔτε
712 1427 975 1508 τούτοις
1001 1423 1252 1516 ἥδομαι
1276 1431 1787 1518 πεπραγμένοις,
2089 1445 2190 1499 605

409 1535 710 1615 χρησμοῦ
738 1556 809 1598 τε
835 1528 926 1617 μὴ
953 1532 1368 1619 κρανθέντος
1394 1527 1479 1600 οὐ
1505 1531 1864 1621 βιώσιμον·

407 1628 649 1717 μείζων
675 1629 804 1720 γὰρ
837 1628 994 1719 ἄτη,
1024 1631 1344 1724 συμφορὰ
1372 1633 1447 1702 δὲ
1473 1635 1586 1703 καὶ
1612 1633 1790 1703 τάδε.

407 1728 645 1820 οὔτινά
699 1757 870 1822 φημι
925 1741 1113 1802 θεῶν
1168 1733 1325 1823 ἄτερ
1396 1732 1629 1823 ὄλβιον
1646 1787 1665 1822 ,
1736 1732 1818 1804 οὐ
1884 1733 2192 1824 βαρύπο-

505 1883 509 1887 -
1099 1862 1267 1922 τμον
1943 1856 2085 1926 στρ.

405 1931 623 2025 ἄνδρα
659 1935 1000 2023 γενέσθαι,
1153 1929 1156 1932 ’

404 2035 568 2107 οὐδὲ
596 2034 715 2109 τὸν
743 2033 954 2107 αὐτὸν
981 2032 1090 2108 ἀεῖ
1114 2035 1398 2127 βεβάναι
1426 2040 1639 2129 δόμον
2086 2059 2189 2113 610

406 2136 716 2231 εὐτυχίᾳ·
749 2137 927 2229 παρὰ
957 2138 1021 2210 δ’
1055 2138 1266 2211 ἄλλαν
1294 2138 1462 2221 ἄλλα

401 2257 602 2330 μοῖρα
635 2241 902 2310 διώκει·

402 2342 521 2413 τὸν
546 2344 671 2431 μὲν
697 2340 820 2430 ἀφ’
853 2341 1136 2433 ὑψηλῶν
1163 2344 1426 2437 βραχὺν
1454 2344 1676 2439 ᾤκισε,

399 2444 520 2514 τὸν
547 2442 612 2513 δ’
647 2441 879 2515 ἀτίταν
909 2445 1281 2535 εὐδαίμονα
1309 2449 1547 2536 τεύχει.

400 2546 691 2635 μόρσιμα
720 2545 786 2616 δ’
819 2546 969 2617 οὔτι
999 2565 1248 2637 φυγεῖν
1278 2552 1493 2638 θέμις,
2084 2568 2185 2623 615

402 2645 487 2717 οὐ
513 2656 724 2741 σοφίᾳ
751 2678 850 2729 τις
877 2647 1212 2722 ἀπώσεται
1229 2674 1243 2687 ·

401 2747 568 2819 ἀλλὰ
594 2750 811 2837 μάταν
839 2748 874 2821 ὁ
905 2752 1257 2842 πρόθυμος
1284 2750 1389 2823 ἀεὶ
1418 2753 1631 2826 πόνον
1659 2756 1807 2837 ἕξει.

398 2848 567 2921 ἀλλὰ
594 2850 680 2921 σὺ
709 2852 800 2941 μὴ
831 2862 1220 2944 προπίτνων
1245 2856 1327 2925 τὰ
1355 2863 1544 2926 θεῶν
1572 2858 1737 2947 φέρε
1766 2854 1925 2947 μηδ’
1971 2854 2179 2949 ὑπερ-

1090 2958 1281 3045 άλγει
1910 2958 2050 3031 ἀντ.

399 3062 730 3145 φροντίδα
759 3058 938 3149 λύπᾳ
956 3081 969 3093 ·
2078 3080 2182 3134 620

399 3154 763 3247 εὐδόκιμον
791 3158 919 3252 γὰρ
950 3167 1082 3248 ἔχει
1109 3162 1413 3231 θανάτου
1438 3165 1637 3254 μέρος

396 3257 439 3329 ἆ
468 3264 670 3347 μελέα
699 3260 866 3349 πρὸς
894 3261 1209 3353 ἀδελφῶν
1236 3265 1350 3333 καὶ
1379 3272 1520 3354 γᾶς,

395 3358 552 3431 οὐδ’
591 3361 832 3446 ἀκλεής
861 3394 972 3435 νιν

792 3484 896 3540 608
913 3508 986 3519 ·-
1005 3484 1108 3540 618
1132 3500 1217 3528 =
1243 3486 1345 3541 619
1362 3512 1437 3522 -·
1456 3486 1561 3541 629

1712 3566 1844 3631 20*-

2198 3712 2281 3843 Ιὲίι..
