2492 3900
283 115 412 195 168

285 916 425 979 ΑΓ.

289 1626 430 1685 ΧΟ.

1143 127 1443 188 ΕΚΛΒΗ

506 296 752 387 Ἑκάβη
768 350 787 385 ,
819 296 945 366 σὸν
972 294 1100 365 οὐκ
1131 304 1415 366 ἔλασσον
1440 293 1485 384 ἢ
1510 304 1739 386 κείνης
1764 300 1977 391 χρέος,

514 403 629 470 καὶ
659 405 935 479 παῖδας·
979 395 1069 479 ὥς
1099 404 1208 467 δεῖ
1233 400 1349 468 καὶ
1375 397 1556 468 τέκν’
1594 402 1844 469 εἰδέναι
1874 402 2121 490 λόγους

514 501 673 583 τοὺς
699 505 764 585 ἐξ
796 505 1077 588 ἐκείνης.
1115 499 1236 569 τὸν
1262 500 1339 569 δὲ
1366 507 1483 587 τῆς
1508 510 1931 589 νεοσφαγοῦς

514 605 902 691 Πολυξένης
928 605 1221 689 ἐπίσχες,
1245 598 1695 690 Ἀγάμεμνον,
1724 604 1961 691 τάφον,
2200 622 2317 679 895

515 703 606 786 ὥς
634 704 796 774 τώδ’
834 701 1106 791 ἀδελφώ
1138 710 1425 790 πλησίον
1450 710 1571 797 μιᾷ
1596 713 1825 793 φλογί,

515 805 712 893 δισσὴ
740 808 1028 895 μέριμνα
1055 812 1288 895 μητρί,
1317 812 1727 895 κρυφθῆτον
1752 815 1976 893 χθονί.

513 915 696 977 ἔσται
722 904 870 976 τάδ’
905 903 1084 996 οὕτω
1102 927 1117 943 ·
1153 910 1268 975 καὶ
1296 904 1426 996 γὰρ
1459 913 1523 975 εἰ
1544 908 1669 995 μὲν
1694 899 1783 995 ἦν
1808 916 2069 1001 στρατῷ

517 1015 763 1097 πλοῦς,
795 1006 922 1078 οὐκ
951 1003 1038 1077 ἂν
1068 1006 1248 1095 εἶχον
1276 1008 1479 1095 τήνδε
1508 1030 1615 1079 σοι
1642 1015 1887 1079 δοῦναι
1911 1011 2143 1101 χάριν·

517 1118 650 1180 νῦν
677 1108 770 1199 δ’,
801 1108 884 1180 ού
913 1109 1042 1199 γὰρ
1072 1106 1209 1197 ἵησ’
1245 1107 1477 1199 οὐρίας
1514 1106 1727 1187 πνοὰς
1760 1108 1946 1194 θεός,
2201 1128 2316 1183 900

517 1215 747 1300 με’νειν
774 1209 1034 1300 ἀνάγκη
1065 1218 1285 1281 πλοῦν
1312 1208 1610 1300 ὁρῶντας
1636 1210 1910 1302 ἥσυχον.

521 1317 785 1401 γένοιτο
812 1310 879 1383 δ’
913 1304 994 1383 εὖ
1022 1336 1190 1394 πως·
1228 1321 1392 1382 πᾶσι
1416 1312 1548 1403 γὰρ
1575 1314 1811 1384 κοινὸν
1838 1316 1997 1384 τόδε

519 1420 661 1505 ἰδίᾳ
687 1413 765 1483 θ’
801 1415 1056 1508 ἑκάστῳ
1081 1417 1197 1484 καὶ
1223 1416 1414 1484 πόλει
1430 1466 1449 1502 ,
1479 1413 1599 1485 τὸν
1623 1416 1749 1504 μὲν
1774 1416 1986 1486 κακὸν

517 1514 732 1585 κακόν
756 1542 820 1583 τι
847 1515 1162 1603 πάσχειν,
1192 1515 1313 1586 τὸν
1344 1517 1420 1586 δὲ
1444 1516 1737 1606 χρηστὸν
1765 1515 2095 1607 εὐτυχεῖν.

519 1615 606 1686 σὺ
634 1617 759 1704 μὲν
791 1605 847 1684 ὦ
873 1619 1112 1706 πατρὶς
1131 1614 1343 1704 Ἱλιάς,
2016 1640 2164 1710 στρ.
2204 1638 2316 1693 905

517 1725 654 1787 τῶν
684 1715 1096 1807 ἀπορθήτων
1124 1717 1316 1799 πόλις
1350 1716 1577 1789 οὐκέτι
1604 1723 1777 1805 λέξει
1794 1742 1809 1758 ·

521 1834 706 1889 τοῖον
725 1815 1063 1888 Ἑλλάνων
1089 1823 1298 1909 νέφος
1324 1819 1508 1909 άμφί
1529 1843 1605 1892 σε
1632 1822 1914 1913 κρύπτει

519 1923 671 2010 δορὶ
698 1920 782 2010 δὴ
811 1925 962 2015 δορὶ
988 1925 1266 2015 πέρσαν.

517 2021 649 2093 ἀπὸ
681 2025 757 2094 δὲ
783 2025 1131 2113 στεφάναν
1159 2027 1482 2115 κέκαρσαι
2201 2043 2312 2098 910

521 2125 836 2214 πύργων,
867 2123 1035 2195 κατὰ
1064 2125 1130 2196 δ’
1163 2127 1459 2197 αἰθάλου

517 2223 737 2313 κηλῖὃ’
772 2227 1204 2316 οἰκτροτάταν
1235 2230 1585 2318 κέχρωσαι,

520 2323 806 2411 τάλαιν’,
838 2325 1065 2396 οὐκέτι
1093 2326 1159 2395 σ’
1193 2329 1600 2416 έμβατεύσω.

520 2427 954 2516 μεσονύκτιος
983 2425 1322 2518 ὥλλύμαν,
2020 2427 2167 2500 ἀντ.

517 2522 683 2620 ἦμος
709 2533 782 2600 ἐκ
811 2535 1108 2601 δείπνων
1137 2529 1351 2614 ὕπνος
1377 2531 1547 2621 ἡδύς
1578 2530 1686 2603 ἐπ’
1719 2531 1942 2613 ὄσσοις
2204 2548 2311 2603 915

516 2639 892 2731 σκίδναται,
928 2636 1192 2722 μολπᾶν
1227 2629 1295 2702 δ’
1334 2633 1464 2704 ἄπο
1498 2639 1609 2705 καὶ
1642 2640 2001 2729 χαροποιὸν

520 2738 777 2802 θυσίαν
805 2732 1234 2814 καταπαύσας

519 2832 713 2912 πόσις
740 2834 816 2900 έν
843 2832 1172 2918 θαλάμοις
1202 2840 1437 2921 ἔκειτο,

519 2931 764 3016 ξυστὸν
792 2929 854 3000 δ’
889 2935 998 3002 ἐπὶ
1025 2935 1365 3028 πασσάλῳ,
2205 2953 2313 3006 920

517 3033 776 3105 ναύταν
804 3031 1047 3104 οὐκέθ’
1083 3033 1268 3127 ὁρῶν
1297 3035 1534 3124 ὅμιλον

529 3143 780 3227 Τροίαν
800 3133 1024 3207 'Imm’
1058 3141 1422 3227 έμβεβῶτα.

522 3236 652 3330 ἐγὼ
682 3239 760 3308 δὲ
787 3239 1133 3328 πλόκαμον
1161 3238 1509 3321 άναὸέτοις
2022 3262 2168 3329 στρ.

925 3358 1028 3411 905
1047 3383 1122 3394 --
1139 3359 1239 3412 913
1252 3381 1339 3408 =
1350 3358 1452 3412 914
1468 3385 1542 3395 —
1560 3359 1665 3412 922

913 3457 1018 3510 923
1032 3483 1108 3493 --
1125 3458 1228 3512 932
1245 3473 1331 3499 =
1348 3459 1450 3513 933
1468 3486 1541 3496 ·-
1561 3459 1663 3514 942

598 3630 871 3794 f

513 3824 558 3868 A
