<?xml version="1.0" encoding="UTF-8"?>
<!DOCTYPE html PUBLIC "-//W3C//DTD XHTML 1.0 Transitional//EN"
    "http://www.w3.org/TR/xhtml1/DTD/xhtml1-transitional.dtd">
<html xmlns="http://www.w3.org/1999/xhtml" xml:lang="en" lang="en">
 <head>
  <title>
</title>
<meta http-equiv="Content-Type" content="text/html;charset=utf-8" />
  <meta name='ocr-system' content='tesseract 3.04.00' />
  <meta name='ocr-capabilities' content='ocr_page ocr_carea ocr_par ocr_line ocrx_word'/>
</head>
<body>
  <div class='ocr_page' id='page_1' title='image "./evripidistragoe03eurigoog/evripidistragoe03eurigoog_0310.png"; bbox 0 0 2492 3900; ppageno 0'>
   <div class='ocr_carea' id='block_1_1' title="bbox 1132 101 1435 159">
    <p class='ocr_par' dir='ltr' id='par_1_1' title="bbox 1132 101 1435 159">
     <span class='ocr_line' id='line_1_1' title="bbox 1132 101 1435 159; baseline -0.003 -2"><span class='ocrx_word' id='word_1_1' title='bbox 1132 101 1435 159; x_wconf 85' lang='lat' dir='ltr'><em>EAENH</em></span> 
     </span>
    </p>
   </div>
   <div class='ocr_carea' id='block_1_2' title="bbox 518 265 1997 460">
    <p class='ocr_par' dir='ltr' id='par_1_2' title="bbox 518 265 1997 460">
     <span class='ocr_line' id='line_1_2' title="bbox 518 265 1868 359; baseline -0.002 -19"><span class='ocrx_word' id='word_1_2' title='bbox 518 269 808 359; x_wconf 88' lang='grc' dir='ltr'><strong><em>ὀνόματα</em></strong></span> <span class='ocrx_word' id='word_1_3' title='bbox 839 265 1026 338; x_wconf 75' lang='grc' dir='ltr'><strong><em>ταῦτ’</em></strong></span> <span class='ocrx_word' id='word_1_4' title='bbox 1062 275 1288 354; x_wconf 82' lang='grc' dir='ltr'><strong><em>ἔχουσι</em></strong></span> <span class='ocrx_word' id='word_1_5' title='bbox 1317 270 1428 335; x_wconf 83' lang='grc' dir='ltr'><strong><em>καὶ</em></strong></span> <span class='ocrx_word' id='word_1_6' title='bbox 1459 268 1650 348; x_wconf 83' lang='grc' dir='ltr'><strong><em>πόλις</em></strong></span> <span class='ocrx_word' id='word_1_7' title='bbox 1677 269 1868 338; x_wconf 89' lang='grc' dir='ltr'><strong><em>πόλει</em></strong></span> 
     </span>
     <span class='ocr_line' id='line_1_3' title="bbox 518 359 1997 460; baseline -0.003 -19"><span class='ocrx_word' id='word_1_8' title='bbox 518 371 693 460; x_wconf 87' lang='grc' dir='ltr'><strong><em>γυνὴ</em></strong></span> <span class='ocrx_word' id='word_1_9' title='bbox 723 377 1001 460; x_wconf 81' lang='grc' dir='ltr'><strong><em>γυναικί</em></strong></span> <span class='ocrx_word' id='word_1_10' title='bbox 1022 365 1082 437; x_wconf 87' lang='grc' dir='ltr'><strong><em>τ’</em></strong></span> <span class='ocrx_word' id='word_1_11' title='bbox 1105 391 1119 406; x_wconf 92' lang='grc'><strong><em>·</em></strong></span> <span class='ocrx_word' id='word_1_12' title='bbox 1160 364 1364 437; x_wconf 77' lang='grc' dir='ltr'><strong><em>οὐδὲν</em></strong></span> <span class='ocrx_word' id='word_1_13' title='bbox 1395 359 1522 438; x_wconf 81' lang='grc' dir='ltr'><strong><em>οὖν</em></strong></span> <span class='ocrx_word' id='word_1_14' title='bbox 1548 371 1997 458; x_wconf 80' lang='grc' dir='ltr'><strong><em>θαυμαστέον.</em></strong></span> 
     </span>
    </p>
   </div>
   <div class='ocr_carea' id='block_1_3' title="bbox 520 464 2074 559">
    <p class='ocr_par' dir='ltr' id='par_1_3' title="bbox 520 464 2074 559">
     <span class='ocr_line' id='line_1_4' title="bbox 520 464 2074 559; baseline -0.003 -15"><span class='ocrx_word' id='word_1_15' title='bbox 520 471 670 544; x_wconf 81' lang='grc' dir='ltr'><strong><em>οὐδ’</em></strong></span> <span class='ocrx_word' id='word_1_16' title='bbox 704 464 795 542; x_wconf 79' lang='grc' dir='ltr'><strong><em>αὖ</em></strong></span> <span class='ocrx_word' id='word_1_17' title='bbox 824 471 897 542; x_wconf 86' lang='grc' dir='ltr'><strong><em>τὸ</em></strong></span> <span class='ocrx_word' id='word_1_18' title='bbox 927 469 1158 540; x_wconf 86' lang='grc' dir='ltr'><strong><em>δεινὸν</em></strong></span> <span class='ocrx_word' id='word_1_19' title='bbox 1184 469 1572 557; x_wconf 80' lang='grc' dir='ltr'><strong><em>προσπόλου</em></strong></span> <span class='ocrx_word' id='word_1_20' title='bbox 1603 472 2074 559; x_wconf 82' lang='grc' dir='ltr'><strong><em>φευξούμεθα·</em></strong></span> 
     </span>
    </p>
   </div>
   <div class='ocr_carea' id='block_1_4' title="bbox 520 561 1934 664">
    <p class='ocr_par' dir='ltr' id='par_1_4' title="bbox 520 561 1934 664">
     <span class='ocr_line' id='line_1_5' title="bbox 520 561 1934 664; baseline -0.003 -19"><span class='ocrx_word' id='word_1_21' title='bbox 520 573 689 664; x_wconf 76' lang='grc' dir='ltr'><strong><em>ἀνὴρ</em></strong></span> <span class='ocrx_word' id='word_1_22' title='bbox 718 574 845 663; x_wconf 79' lang='grc' dir='ltr'><strong><em>γὰρ</em></strong></span> <span class='ocrx_word' id='word_1_23' title='bbox 880 569 1106 652; x_wconf 78' lang='grc' dir='ltr'><strong><em>οὐδεὶς</em></strong></span> <span class='ocrx_word' id='word_1_24' title='bbox 1134 561 1270 641; x_wconf 69' lang='grc' dir='ltr'><strong><em>ὦδε</em></strong></span> <span class='ocrx_word' id='word_1_25' title='bbox 1298 571 1632 661; x_wconf 87' lang='grc' dir='ltr'><strong><em>βάρβαρος</em></strong></span> <span class='ocrx_word' id='word_1_26' title='bbox 1663 575 1934 661; x_wconf 77' lang='grc' dir='ltr'><strong><em>φρένας,</em></strong></span> 
     </span>
    </p>
   </div>
   <div class='ocr_carea' id='block_1_5' title="bbox 526 669 2141 764">
    <p class='ocr_par' dir='ltr' id='par_1_5' title="bbox 526 669 2141 764">
     <span class='ocr_line' id='line_1_6' title="bbox 526 669 2141 764; baseline -0.002 -20"><span class='ocrx_word' id='word_1_27' title='bbox 526 675 595 758; x_wconf 75' lang='grc' dir='ltr'><strong><em>ὃς</em></strong></span> <span class='ocrx_word' id='word_1_28' title='bbox 626 673 818 764; x_wconf 80' lang='grc' dir='ltr'><strong><em>ὄνομ’</em></strong></span> <span class='ocrx_word' id='word_1_29' title='bbox 855 673 1145 754; x_wconf 75' lang='grc' dir='ltr'><strong><em>ἀκούσας</em></strong></span> <span class='ocrx_word' id='word_1_30' title='bbox 1171 669 1428 761; x_wconf 79' lang='grc' dir='ltr'><strong><em>τούμὸν</em></strong></span> <span class='ocrx_word' id='word_1_31' title='bbox 1459 669 1542 742; x_wconf 81' lang='grc' dir='ltr'><strong><em>οὗ</em></strong></span> <span class='ocrx_word' id='word_1_32' title='bbox 1572 674 1774 743; x_wconf 71' lang='grc' dir='ltr'><strong><em>δώσει</em></strong></span> <span class='ocrx_word' id='word_1_33' title='bbox 1802 675 2036 763; x_wconf 85' lang='grc' dir='ltr'><strong><em>βοράν.</em></strong></span> <span class='ocrx_word' id='word_1_34' title='bbox 2134 728 2141 731; x_wconf 78' lang='grc'>.</span> 
     </span>
    </p>
   </div>
   <div class='ocr_carea' id='block_1_6' title="bbox 525 767 2069 1986">
    <p class='ocr_par' dir='ltr' id='par_1_6' title="bbox 526 767 2069 1275">
     <span class='ocr_line' id='line_1_7' title="bbox 526 767 2069 864; baseline -0.001 -18"><span class='ocrx_word' id='word_1_35' title='bbox 526 776 792 848; x_wconf 77' lang='grc' dir='ltr'><strong><em>κλεινὸν</em></strong></span> <span class='ocrx_word' id='word_1_36' title='bbox 821 775 894 845; x_wconf 83' lang='grc' dir='ltr'><strong><em>τὸ</em></strong></span> <span class='ocrx_word' id='word_1_37' title='bbox 936 782 1175 864; x_wconf 86' lang='grc' dir='ltr'><strong><em>Τροίας</em></strong></span> <span class='ocrx_word' id='word_1_38' title='bbox 1204 782 1342 861; x_wconf 88' lang='grc' dir='ltr'><strong><em>πῦρ</em></strong></span> <span class='ocrx_word' id='word_1_39' title='bbox 1373 773 1504 864; x_wconf 74' lang='grc' dir='ltr'><strong><em>ἐγώ</em></strong></span> <span class='ocrx_word' id='word_1_40' title='bbox 1537 772 1616 843; x_wconf 92' lang='grc' dir='ltr'><strong><em>θ’</em></strong></span> <span class='ocrx_word' id='word_1_41' title='bbox 1661 772 1734 856; x_wconf 82' lang='grc' dir='ltr'><strong><em>ὃς</em></strong></span> <span class='ocrx_word' id='word_1_42' title='bbox 1763 767 1905 863; x_wconf 80' lang='grc' dir='ltr'><strong><em>ἧψά</em></strong></span> <span class='ocrx_word' id='word_1_43' title='bbox 1933 804 2069 863; x_wconf 90' lang='grc' dir='ltr'><strong><em>νιν,</em></strong></span> 
     </span>
     <span class='ocr_line' id='line_1_8' title="bbox 526 873 1939 968; baseline -0.004 -19"><span class='ocrx_word' id='word_1_44' title='bbox 526 882 870 959; x_wconf 78' lang='grc' dir='ltr'><strong><em>Μενέλαος</em></strong></span> <span class='ocrx_word' id='word_1_45' title='bbox 897 875 1023 946; x_wconf 80' lang='grc' dir='ltr'><strong><em>οὐκ</em></strong></span> <span class='ocrx_word' id='word_1_46' title='bbox 1051 873 1388 964; x_wconf 69' lang='grc' dir='ltr'><strong><em>ἄγνωστος</em></strong></span> <span class='ocrx_word' id='word_1_47' title='bbox 1417 881 1490 946; x_wconf 82' lang='grc' dir='ltr'><strong><em>ἐν</em></strong></span> <span class='ocrx_word' id='word_1_48' title='bbox 1517 876 1694 968; x_wconf 77' lang='grc' dir='ltr'><strong><em>πάσῃ</em></strong></span> <span class='ocrx_word' id='word_1_49' title='bbox 1721 883 1939 966; x_wconf 89' lang='grc' dir='ltr'><strong><em>χθονί.</em></strong></span> 
     </span>
     <span class='ocr_line' id='line_1_9' title="bbox 526 978 1967 1070; baseline -0.002 -19"><span class='ocrx_word' id='word_1_50' title='bbox 526 982 752 1070; x_wconf 85' lang='grc' dir='ltr'><strong><em>δόμων</em></strong></span> <span class='ocrx_word' id='word_1_51' title='bbox 782 978 1035 1050; x_wconf 73' lang='grc' dir='ltr'><strong><em>ἄνακτα</em></strong></span> <span class='ocrx_word' id='word_1_52' title='bbox 1067 986 1420 1067; x_wconf 78' lang='grc' dir='ltr'><strong><em>προσμενῶ</em></strong></span> <span class='ocrx_word' id='word_1_53' title='bbox 1439 1002 1453 1017; x_wconf 91' lang='grc'><strong><em>·</em></strong></span> <span class='ocrx_word' id='word_1_54' title='bbox 1489 979 1720 1060; x_wconf 83' lang='grc' dir='ltr'><strong><em>δισσὰς</em></strong></span> <span class='ocrx_word' id='word_1_55' title='bbox 1749 982 1829 1048; x_wconf 87' lang='grc' dir='ltr'><strong><em>δέ</em></strong></span> <span class='ocrx_word' id='word_1_56' title='bbox 1857 1007 1967 1066; x_wconf 88' lang='grc' dir='ltr'><strong><em>μοι</em></strong></span> 
     </span>
     <span class='ocr_line' id='line_1_10' title="bbox 530 1073 1905 1172; baseline -0.003 -19"><span class='ocrx_word' id='word_1_57' title='bbox 530 1092 661 1171; x_wconf 78' lang='grc' dir='ltr'><strong><em>ἔχει</em></strong></span> <span class='ocrx_word' id='word_1_58' title='bbox 698 1083 1042 1172; x_wconf 79' lang='grc' dir='ltr'><strong><em>φυλάξεις·</em></strong></span> <span class='ocrx_word' id='word_1_59' title='bbox 1076 1075 1161 1169; x_wconf 76' lang='grc' dir='ltr'><strong><em>ἢν</em></strong></span> <span class='ocrx_word' id='word_1_60' title='bbox 1188 1081 1313 1167; x_wconf 72' lang='grc' dir='ltr'><strong><em>μὲν</em></strong></span> <span class='ocrx_word' id='word_1_61' title='bbox 1343 1077 1682 1170; x_wconf 75' lang='grc' dir='ltr'><strong><em>ὠμόφρων</em></strong></span> <span class='ocrx_word' id='word_1_62' title='bbox 1709 1110 1806 1161; x_wconf 85' lang='grc' dir='ltr'><strong><em>τις</em></strong></span> <span class='ocrx_word' id='word_1_63' title='bbox 1839 1073 1905 1169; x_wconf 80' lang='grc' dir='ltr'><strong><em>ᾖ,</em></strong></span> 
     </span>
     <span class='ocr_line' id='line_1_11' title="bbox 526 1180 1830 1275; baseline -0.001 -22"><span class='ocrx_word' id='word_1_64' title='bbox 526 1185 787 1275; x_wconf 79' lang='grc' dir='ltr'><strong><em>κρύψας</em></strong></span> <span class='ocrx_word' id='word_1_65' title='bbox 819 1182 1109 1272; x_wconf 82' lang='grc' dir='ltr'><strong><em>ἐμαυτὸν</em></strong></span> <span class='ocrx_word' id='word_1_66' title='bbox 1140 1180 1272 1270; x_wconf 84' lang='grc' dir='ltr'><strong><em>εἶμι</em></strong></span> <span class='ocrx_word' id='word_1_67' title='bbox 1315 1181 1480 1270; x_wconf 88' lang='grc' dir='ltr'><strong><em>πρὸς</em></strong></span> <span class='ocrx_word' id='word_1_68' title='bbox 1507 1183 1830 1272; x_wconf 84' lang='grc' dir='ltr'><strong><em>ναυάγια·</em></strong></span> 
     </span>
    </p>

    <p class='ocr_par' dir='ltr' id='par_1_7' title="bbox 525 1283 2034 1986">
     <span class='ocr_line' id='line_1_12' title="bbox 530 1283 1988 1377; baseline -0.001 -22"><span class='ocrx_word' id='word_1_69' title='bbox 530 1283 609 1374; x_wconf 72' lang='grc' dir='ltr'><strong><em>ἢν</em></strong></span> <span class='ocrx_word' id='word_1_70' title='bbox 638 1284 703 1356; x_wconf 89' lang='grc' dir='ltr'><strong><em>δ’</em></strong></span> <span class='ocrx_word' id='word_1_71' title='bbox 738 1291 984 1377; x_wconf 77' lang='grc' dir='ltr'><strong><em>ἐνδιδῷ</em></strong></span> <span class='ocrx_word' id='word_1_72' title='bbox 1014 1313 1075 1354; x_wconf 91' lang='grc' dir='ltr'><strong><em>τι</em></strong></span> <span class='ocrx_word' id='word_1_73' title='bbox 1101 1283 1489 1372; x_wconf 84' lang='grc' dir='ltr'><strong><em>μαλθακόν,</em></strong></span> <span class='ocrx_word' id='word_1_74' title='bbox 1523 1283 1605 1353; x_wconf 80' lang='grc' dir='ltr'><strong><em>τὰ</em></strong></span> <span class='ocrx_word' id='word_1_75' title='bbox 1634 1285 1988 1374; x_wconf 88' lang='grc' dir='ltr'><strong><em>πρόσφορα</em></strong></span> 
     </span>
     <span class='ocr_line' id='line_1_13' title="bbox 525 1386 1938 1476; baseline -0.001 -20"><span class='ocrx_word' id='word_1_76' title='bbox 525 1395 637 1474; x_wconf 79' lang='grc' dir='ltr'><strong><em>τῆς</em></strong></span> <span class='ocrx_word' id='word_1_77' title='bbox 663 1396 797 1458; x_wconf 84' lang='grc' dir='ltr'><strong><em>νῦν</em></strong></span> <span class='ocrx_word' id='word_1_78' title='bbox 822 1387 1165 1476; x_wconf 82' lang='grc' dir='ltr'><strong><em>παρούσης</em></strong></span> <span class='ocrx_word' id='word_1_79' title='bbox 1192 1393 1543 1476; x_wconf 83' lang='grc' dir='ltr'><strong><em>συμφορᾶς</em></strong></span> <span class='ocrx_word' id='word_1_80' title='bbox 1570 1386 1938 1475; x_wconf 81' lang='grc' dir='ltr'><strong><em>αἰτήσομαι.</em></strong></span> 
     </span>
     <span class='ocr_line' id='line_1_14' title="bbox 526 1485 1928 1576; baseline 0 -19"><span class='ocrx_word' id='word_1_81' title='bbox 526 1496 752 1558; x_wconf 78' lang='grc' dir='ltr'><strong><em>κακῶν</em></strong></span> <span class='ocrx_word' id='word_1_82' title='bbox 782 1486 847 1558; x_wconf 82' lang='grc' dir='ltr'><strong><em>δ’</em></strong></span> <span class='ocrx_word' id='word_1_83' title='bbox 882 1493 958 1557; x_wconf 76' lang='grc' dir='ltr'><strong><em>ἓν</em></strong></span> <span class='ocrx_word' id='word_1_84' title='bbox 986 1485 1149 1576; x_wconf 82' lang='grc' dir='ltr'><strong><em>ἡμῖν</em></strong></span> <span class='ocrx_word' id='word_1_85' title='bbox 1178 1494 1455 1574; x_wconf 83' lang='grc' dir='ltr'><strong><em>ἔσχατον</em></strong></span> <span class='ocrx_word' id='word_1_86' title='bbox 1481 1500 1619 1568; x_wconf 74' lang='grc' dir='ltr'><strong><em>τοῖς</em></strong></span> <span class='ocrx_word' id='word_1_87' title='bbox 1646 1485 1928 1574; x_wconf 78' lang='grc' dir='ltr'><strong><em>ἀθλίοις,</em></strong></span> 
     </span>
     <span class='ocr_line' id='line_1_15' title="bbox 526 1586 1898 1679; baseline -0.002 -19"><span class='ocrx_word' id='word_1_88' title='bbox 526 1588 767 1670; x_wconf 65' lang='grc' dir='ltr'><strong><em>ἄλλους</em></strong></span> <span class='ocrx_word' id='word_1_89' title='bbox 796 1589 1171 1679; x_wconf 79' lang='grc' dir='ltr'><strong><em>τυράννους</em></strong></span> <span class='ocrx_word' id='word_1_90' title='bbox 1198 1586 1409 1659; x_wconf 80' lang='grc' dir='ltr'><strong><em>αὐτὸν</em></strong></span> <span class='ocrx_word' id='word_1_91' title='bbox 1436 1586 1598 1659; x_wconf 75' lang='grc' dir='ltr'><strong><em>ὄντα</em></strong></span> <span class='ocrx_word' id='word_1_92' title='bbox 1624 1593 1898 1677; x_wconf 83' lang='grc' dir='ltr'><strong><em>βασιλέα</em></strong></span> 
     </span>
     <span class='ocr_line' id='line_1_16' title="bbox 530 1688 1911 1782; baseline -0.001 -21"><span class='ocrx_word' id='word_1_93' title='bbox 530 1700 679 1780; x_wconf 74' lang='grc' dir='ltr'><strong><em>ΙΒίου</em></strong></span> <span class='ocrx_word' id='word_1_94' title='bbox 714 1707 1129 1782; x_wconf 77' lang='grc' dir='ltr'><strong><em>προσαιτεῖν·</em></strong></span> <span class='ocrx_word' id='word_1_95' title='bbox 1157 1688 1319 1761; x_wconf 74' lang='grc' dir='ltr'><strong><em>ἀλλ’</em></strong></span> <span class='ocrx_word' id='word_1_96' title='bbox 1354 1689 1731 1780; x_wconf 77' lang='grc' dir='ltr'><strong><em>ἀναγκαίως</em></strong></span> <span class='ocrx_word' id='word_1_97' title='bbox 1759 1699 1911 1780; x_wconf 80' lang='grc' dir='ltr'><strong><em>ἔχει.</em></strong></span> 
     </span>
     <span class='ocr_line' id='line_1_17' title="bbox 526 1790 2034 1883; baseline 0 -21"><span class='ocrx_word' id='word_1_98' title='bbox 526 1793 721 1882; x_wconf 75' lang='grc' dir='ltr'><strong><em>λόγος</em></strong></span> <span class='ocrx_word' id='word_1_99' title='bbox 748 1793 876 1883; x_wconf 88' lang='grc' dir='ltr'><strong><em>γάρ</em></strong></span> <span class='ocrx_word' id='word_1_100' title='bbox 909 1797 1089 1862; x_wconf 81' lang='grc' dir='ltr'><strong><em>ἐστιν</em></strong></span> <span class='ocrx_word' id='word_1_101' title='bbox 1116 1790 1239 1862; x_wconf 77' lang='grc' dir='ltr'><strong><em>οὐκ</em></strong></span> <span class='ocrx_word' id='word_1_102' title='bbox 1269 1793 1451 1881; x_wconf 84' lang='grc' dir='ltr'><strong><em>ἐμός,</em></strong></span> <span class='ocrx_word' id='word_1_103' title='bbox 1493 1802 1726 1881; x_wconf 76' lang='grc' dir='ltr'><strong><em>σοφῶν</em></strong></span> <span class='ocrx_word' id='word_1_104' title='bbox 1756 1792 1819 1864; x_wconf 89' lang='grc' dir='ltr'><strong><em>δ’</em></strong></span> <span class='ocrx_word' id='word_1_105' title='bbox 1861 1801 2034 1880; x_wconf 81' lang='grc' dir='ltr'><strong><em>ἔπος,</em></strong></span> 
     </span>
     <span class='ocr_line' id='line_1_18' title="bbox 530 1892 1848 1986; baseline 0 -21"><span class='ocrx_word' id='word_1_106' title='bbox 530 1903 566 1965; x_wconf 87' lang='grc' dir='ltr'><strong><em>δ</em></strong></span> <span class='ocrx_word' id='word_1_107' title='bbox 574 1903 751 1986; x_wconf 81' lang='grc' dir='ltr'><strong><em>εινῆς</em></strong></span> <span class='ocrx_word' id='word_1_108' title='bbox 781 1893 1075 1986; x_wconf 78' lang='grc' dir='ltr'><strong><em>ἀνάγκης</em></strong></span> <span class='ocrx_word' id='word_1_109' title='bbox 1104 1892 1309 1966; x_wconf 73' lang='grc' dir='ltr'><strong><em>οὐδὲν</em></strong></span> <span class='ocrx_word' id='word_1_110' title='bbox 1337 1895 1596 1984; x_wconf 79' lang='grc' dir='ltr'><strong><em>ἰσχύειν</em></strong></span> <span class='ocrx_word' id='word_1_111' title='bbox 1625 1899 1848 1967; x_wconf 85' lang='grc' dir='ltr'><strong><em>πλέον.</em></strong></span> 
     </span>
    </p>
   </div>
   <div class='ocr_carea' id='block_1_7' title="bbox 306 1995 1596 2091">
    <p class='ocr_par' dir='ltr' id='par_1_8' title="bbox 306 1995 1596 2091">
     <span class='ocr_line' id='line_1_19' title="bbox 306 1995 1596 2091; baseline 0.002 -27"><span class='ocrx_word' id='word_1_112' title='bbox 306 2008 438 2064; x_wconf 63' lang='lat' dir='ltr'><strong><em>HJ.</em></strong></span> <span class='ocrx_word' id='word_1_113' title='bbox 526 1995 779 2085; x_wconf 75' lang='grc' dir='ltr'><strong><em>Ιἤκουσα</em></strong></span> <span class='ocrx_word' id='word_1_114' title='bbox 806 2006 921 2079; x_wconf 82' lang='grc' dir='ltr'><strong><em>τᾶς</em></strong></span> <span class='ocrx_word' id='word_1_115' title='bbox 949 2004 1343 2091; x_wconf 73' lang='grc' dir='ltr'><strong><em>θεσπιῳδοῦ</em></strong></span> <span class='ocrx_word' id='word_1_116' title='bbox 1373 1997 1596 2087; x_wconf 84' lang='grc' dir='ltr'><strong><em>κόρας,</em></strong></span> 
     </span>
    </p>
   </div>
   <div class='ocr_carea' id='block_1_8' title="bbox 302 3329 434 3385">
    <p class='ocr_par' dir='ltr' id='par_1_9' title="bbox 302 3329 434 3385">
     <span class='ocr_line' id='line_1_20' title="bbox 302 3329 434 3385; baseline -0.03 0"><span class='ocrx_word' id='word_1_117' title='bbox 302 3329 358 3385; x_wconf 75' lang='grc' dir='ltr'><em>Ε</em></span> <span class='ocrx_word' id='word_1_118' title='bbox 365 3329 414 3385; x_wconf 99' lang='lat' dir='ltr'>J</span> <span class='ocrx_word' id='word_1_119' title='bbox 426 3373 434 3381; x_wconf 80' lang='grc'><strong><em>,</em></strong></span> 
     </span>
    </p>
   </div>
   <div class='ocr_carea' id='block_1_9' title="bbox 526 2097 2037 3505">
    <p class='ocr_par' dir='ltr' id='par_1_10' title="bbox 530 2097 1634 2193">
     <span class='ocr_line' id='line_1_21' title="bbox 530 2097 1634 2193; baseline -0.001 -25"><span class='ocrx_word' id='word_1_120' title='bbox 530 2097 570 2168; x_wconf 72' lang='grc' dir='ltr'><em>ὁὶ</em></span> <span class='ocrx_word' id='word_1_121' title='bbox 596 2097 911 2193; x_wconf 49' lang='grc' dir='ltr'><strong><em>χρήσα,σ’,,</em></strong></span> <span class='ocrx_word' id='word_1_122' title='bbox 940 2100 1155 2186; x_wconf 80' lang='grc' dir='ltr'><strong><em>ἐφάνη</em></strong></span> <span class='ocrx_word' id='word_1_123' title='bbox 1185 2098 1251 2169; x_wconf 87' lang='grc' dir='ltr'><strong><em>’ν</em></strong></span> <span class='ocrx_word' id='word_1_124' title='bbox 1277 2099 1634 2187; x_wconf 84' lang='grc' dir='ltr'><strong><em>τυράννοις</em></strong></span> 
     </span>
    </p>

    <p class='ocr_par' dir='ltr' id='par_1_11' title="bbox 534 2197 1506 2288">
     <span class='ocr_line' id='line_1_22' title="bbox 534 2197 1506 2288; baseline 0.001 -19"><span class='ocrx_word' id='word_1_125' title='bbox 534 2200 790 2288; x_wconf 86' lang='grc' dir='ltr'><strong><em>δόμοις,</em></strong></span> <span class='ocrx_word' id='word_1_126' title='bbox 824 2200 912 2281; x_wconf 81' lang='grc' dir='ltr'><strong><em>ὡς</em></strong></span> <span class='ocrx_word' id='word_1_127' title='bbox 938 2202 1288 2281; x_wconf 89' lang='grc' dir='ltr'><strong><em>Μενέλαος</em></strong></span> <span class='ocrx_word' id='word_1_128' title='bbox 1316 2197 1506 2270; x_wconf 75' lang='grc' dir='ltr'><strong><em>οὔπω</em></strong></span> 
     </span>
    </p>

    <p class='ocr_par' dir='ltr' id='par_1_12' title="bbox 534 2302 1188 2389">
     <span class='ocr_line' id='line_1_23' title="bbox 534 2302 1188 2389; baseline 0 -20"><span class='ocrx_word' id='word_1_129' title='bbox 534 2302 912 2387; x_wconf 72' lang='grc' dir='ltr'><strong><em>μελαμφαὲς</em></strong></span> <span class='ocrx_word' id='word_1_130' title='bbox 943 2311 1188 2389; x_wconf 81' lang='grc' dir='ltr'><strong><em>οἴχεται</em></strong></span> 
     </span>
    </p>

    <p class='ocr_par' dir='ltr' id='par_1_13' title="bbox 534 2399 1501 2493">
     <span class='ocr_line' id='line_1_24' title="bbox 534 2399 1501 2493; baseline 0.001 -23"><span class='ocrx_word' id='word_1_131' title='bbox 534 2399 625 2470; x_wconf 86' lang='grc' dir='ltr'><strong><em>δι’</em></strong></span> <span class='ocrx_word' id='word_1_132' title='bbox 662 2408 889 2491; x_wconf 84' lang='grc' dir='ltr'><strong><em>ἔρεβος</em></strong></span> <span class='ocrx_word' id='word_1_133' title='bbox 915 2405 1115 2490; x_wconf 85' lang='grc' dir='ltr'><strong><em>χθονὶ</em></strong></span> <span class='ocrx_word' id='word_1_134' title='bbox 1143 2411 1501 2493; x_wconf 82' lang='grc' dir='ltr'><strong><em>κρυφθείς,</em></strong></span> 
     </span>
    </p>

    <p class='ocr_par' dir='ltr' id='par_1_14' title="bbox 534 2500 1431 2593">
     <span class='ocr_line' id='line_1_25' title="bbox 534 2500 1431 2593; baseline 0.001 -21"><span class='ocrx_word' id='word_1_135' title='bbox 534 2500 679 2572; x_wconf 77' lang='grc' dir='ltr'><strong><em>ἀλλ’</em></strong></span> <span class='ocrx_word' id='word_1_136' title='bbox 716 2512 810 2573; x_wconf 78' lang='grc' dir='ltr'><strong><em>ἔτι</em></strong></span> <span class='ocrx_word' id='word_1_137' title='bbox 839 2501 985 2574; x_wconf 85' lang='grc' dir='ltr'><strong><em>κατ’</em></strong></span> <span class='ocrx_word' id='word_1_138' title='bbox 1020 2502 1198 2593; x_wconf 82' lang='grc' dir='ltr'><strong><em>οἶδμ’</em></strong></span> <span class='ocrx_word' id='word_1_139' title='bbox 1240 2501 1431 2573; x_wconf 76' lang='grc' dir='ltr'><strong><em>ἅλιον</em></strong></span> 
     </span>
    </p>

    <p class='ocr_par' dir='ltr' id='par_1_15' title="bbox 530 2603 1464 2695">
     <span class='ocr_line' id='line_1_26' title="bbox 530 2603 1464 2695; baseline -0.002 -20"><span class='ocrx_word' id='word_1_140' title='bbox 530 2606 929 2695; x_wconf 85' lang='grc' dir='ltr'><strong><em>τρυχόμενος</em></strong></span> <span class='ocrx_word' id='word_1_141' title='bbox 958 2603 1146 2677; x_wconf 72' lang='grc' dir='ltr'><strong><em>οὔπω</em></strong></span> <span class='ocrx_word' id='word_1_142' title='bbox 1176 2608 1464 2694; x_wconf 86' lang='grc' dir='ltr'><strong><em>λιμένων</em></strong></span> 
     </span>
    </p>

    <p class='ocr_par' dir='ltr' id='par_1_16' title="bbox 530 2708 1332 2795">
     <span class='ocr_line' id='line_1_27' title="bbox 530 2708 1332 2795; baseline -0.004 -18"><span class='ocrx_word' id='word_1_143' title='bbox 530 2708 854 2790; x_wconf 84' lang='grc' dir='ltr'><strong><em>ψαύσειεν</em></strong></span> <span class='ocrx_word' id='word_1_144' title='bbox 881 2715 1162 2795; x_wconf 84' lang='grc' dir='ltr'><strong><em>πατρίας</em></strong></span> <span class='ocrx_word' id='word_1_145' title='bbox 1191 2714 1332 2794; x_wconf 82' lang='grc' dir='ltr'><strong><em>γᾶς,</em></strong></span> 
     </span>
    </p>

    <p class='ocr_par' dir='ltr' id='par_1_17' title="bbox 534 2806 1069 2898">
     <span class='ocr_line' id='line_1_28' title="bbox 534 2806 1069 2898; baseline 0 -21"><span class='ocrx_word' id='word_1_146' title='bbox 534 2806 803 2898; x_wconf 73' lang='grc' dir='ltr'><strong><em>ἀλατείᾳ</em></strong></span> <span class='ocrx_word' id='word_1_147' title='bbox 838 2807 1069 2894; x_wconf 89' lang='grc' dir='ltr'><strong><em>βιότου</em></strong></span> 
     </span>
    </p>

    <p class='ocr_par' dir='ltr' id='par_1_18' title="bbox 534 2905 1493 2997">
     <span class='ocr_line' id='line_1_29' title="bbox 534 2905 1493 2997; baseline 0.001 -19"><span class='ocrx_word' id='word_1_148' title='bbox 534 2916 951 2996; x_wconf 87' lang='grc' dir='ltr'><strong><em>ταλαίφρων,</em></strong></span> <span class='ocrx_word' id='word_1_149' title='bbox 982 2905 1223 2997; x_wconf 69' lang='grc' dir='ltr'><strong><em>ἄφιλος</em></strong></span> <span class='ocrx_word' id='word_1_150' title='bbox 1252 2916 1493 2997; x_wconf 89' lang='grc' dir='ltr'><strong><em>φίλων,</em></strong></span> 
     </span>
    </p>

    <p class='ocr_par' dir='ltr' id='par_1_19' title="bbox 530 3012 1237 3099">
     <span class='ocr_line' id='line_1_30' title="bbox 530 3012 1237 3099; baseline 0.003 -21"><span class='ocrx_word' id='word_1_151' title='bbox 530 3016 955 3089; x_wconf 83' lang='grc' dir='ltr'><strong><em>παντοδαπᾶς</em></strong></span> <span class='ocrx_word' id='word_1_152' title='bbox 984 3012 1091 3079; x_wconf 85' lang='grc' dir='ltr'><strong><em>ἐπὶ</em></strong></span> <span class='ocrx_word' id='word_1_153' title='bbox 1117 3017 1237 3099; x_wconf 81' lang='grc' dir='ltr'><strong><em>γᾶς</em></strong></span> 
     </span>
    </p>

    <p class='ocr_par' dir='ltr' id='par_1_20' title="bbox 530 3112 1512 3206">
     <span class='ocr_line' id='line_1_31' title="bbox 530 3112 1512 3206; baseline 0.004 -27"><span class='ocrx_word' id='word_1_154' title='bbox 530 3112 703 3180; x_wconf 90' lang='grc' dir='ltr'><strong><em>πόδα</em></strong></span> <span class='ocrx_word' id='word_1_155' title='bbox 731 3112 1213 3200; x_wconf 86' lang='grc' dir='ltr'><strong><em>χριμπτόμενος</em></strong></span> <span class='ocrx_word' id='word_1_156' title='bbox 1242 3120 1512 3206; x_wconf 75' lang='grc' dir='ltr'><strong><em>εἰναλίῳ</em></strong></span> 
     </span>
    </p>

    <p class='ocr_par' dir='ltr' id='par_1_21' title="bbox 530 3213 1337 3305">
     <span class='ocr_line' id='line_1_32' title="bbox 530 3213 1337 3305; baseline 0.002 -23"><span class='ocrx_word' id='word_1_157' title='bbox 530 3213 720 3304; x_wconf 73' lang='grc' dir='ltr'><strong><em>κώπᾳ</em></strong></span> <span class='ocrx_word' id='word_1_158' title='bbox 758 3213 1067 3305; x_wconf 79' lang='grc' dir='ltr'><strong><em>Τρῳάδος</em></strong></span> <span class='ocrx_word' id='word_1_159' title='bbox 1096 3218 1168 3283; x_wconf 83' lang='grc' dir='ltr'><strong><em>ἐκ</em></strong></span> <span class='ocrx_word' id='word_1_160' title='bbox 1197 3224 1337 3303; x_wconf 81' lang='grc' dir='ltr'><strong><em>γᾶς.</em></strong></span> 
     </span>
    </p>

    <p class='ocr_par' dir='ltr' id='par_1_22' title="bbox 526 3306 2037 3505">
     <span class='ocr_line' id='line_1_33' title="bbox 526 3306 1970 3405; baseline 0 -22"><span class='ocrx_word' id='word_1_161' title='bbox 526 3311 635 3402; x_wconf 73' lang='grc' dir='ltr'><strong><em>ἥδ’</em></strong></span> <span class='ocrx_word' id='word_1_162' title='bbox 669 3306 757 3383; x_wconf 82' lang='grc' dir='ltr'><strong><em>αὖ</em></strong></span> <span class='ocrx_word' id='word_1_163' title='bbox 786 3316 1006 3402; x_wconf 91' lang='grc' dir='ltr'><strong><em>τάφου</em></strong></span> <span class='ocrx_word' id='word_1_164' title='bbox 1035 3314 1226 3384; x_wconf 83' lang='grc' dir='ltr'><strong><em>τοῦδ’</em></strong></span> <span class='ocrx_word' id='word_1_165' title='bbox 1262 3324 1354 3398; x_wconf 81' lang='grc' dir='ltr'><strong><em>εἰς</em></strong></span> <span class='ocrx_word' id='word_1_166' title='bbox 1382 3320 1579 3405; x_wconf 79' lang='grc' dir='ltr'><strong><em>ἕδρας</em></strong></span> <span class='ocrx_word' id='word_1_167' title='bbox 1609 3311 1737 3404; x_wconf 77' lang='grc' dir='ltr'><strong><em>ἐγὼ</em></strong></span> <span class='ocrx_word' id='word_1_168' title='bbox 1769 3316 1970 3385; x_wconf 85' lang='grc' dir='ltr'><strong><em>πάλιν</em></strong></span> 
     </span>
     <span class='ocr_line' id='line_1_34' title="bbox 534 3417 2037 3505; baseline 0 -20"><span class='ocrx_word' id='word_1_169' title='bbox 534 3422 799 3503; x_wconf 82' lang='grc' dir='ltr'><strong><em>στείχω,</em></strong></span> <span class='ocrx_word' id='word_1_170' title='bbox 832 3422 1147 3503; x_wconf 85' lang='grc' dir='ltr'><strong><em>μαθοῦσα</em></strong></span> <span class='ocrx_word' id='word_1_171' title='bbox 1178 3418 1469 3505; x_wconf 80' lang='grc' dir='ltr'><strong><em>Θεονόης</em></strong></span> <span class='ocrx_word' id='word_1_172' title='bbox 1499 3425 1740 3503; x_wconf 87' lang='grc' dir='ltr'><strong><em>φίλους</em></strong></span> <span class='ocrx_word' id='word_1_173' title='bbox 1770 3417 2037 3504; x_wconf 88' lang='grc' dir='ltr'><strong><em>λόγους,</em></strong></span> 
     </span>
    </p>
   </div>
   <div class='ocr_carea' id='block_1_10' title="bbox 2210 489 2324 540">
    <p class='ocr_par' dir='ltr' id='par_1_23' title="bbox 2210 489 2324 540">
     <span class='ocr_line' id='line_1_35' title="bbox 2210 489 2324 540; baseline 0 0"><span class='ocrx_word' id='word_1_174' title='bbox 2210 489 2324 540; x_wconf 89' lang='grc'><strong><em>500</em></strong></span> 
     </span>
    </p>
   </div>
   <div class='ocr_carea' id='block_1_11' title="bbox 2211 998 2315 1049">
    <p class='ocr_par' dir='ltr' id='par_1_24' title="bbox 2211 998 2315 1049">
     <span class='ocr_line' id='line_1_36' title="bbox 2211 998 2315 1049; baseline -0.01 0"><span class='ocrx_word' id='word_1_175' title='bbox 2211 998 2315 1049; x_wconf 71' lang='grc'><strong><em>505</em></strong></span> 
     </span>
    </p>
   </div>
   <div class='ocr_carea' id='block_1_12' title="bbox 2209 1508 2315 1558">
    <p class='ocr_par' dir='ltr' id='par_1_25' title="bbox 2209 1508 2315 1558">
     <span class='ocr_line' id='line_1_37' title="bbox 2209 1508 2315 1558; baseline -0.009 0"><span class='ocrx_word' id='word_1_176' title='bbox 2209 1508 2315 1558; x_wconf 75' lang='grc'>51.)</span> 
     </span>
    </p>
   </div>
   <div class='ocr_carea' id='block_1_13' title="bbox 2207 2018 2304 2067">
    <p class='ocr_par' dir='ltr' id='par_1_26' title="bbox 2207 2018 2304 2067">
     <span class='ocr_line' id='line_1_38' title="bbox 2207 2018 2304 2067; baseline 0 0"><span class='ocrx_word' id='word_1_177' title='bbox 2207 2018 2304 2067; x_wconf 81' lang='grc'><strong><em>515</em></strong></span> 
     </span>
    </p>
   </div>
   <div class='ocr_carea' id='block_1_14' title="bbox 2203 2523 2305 2573">
    <p class='ocr_par' dir='ltr' id='par_1_27' title="bbox 2203 2523 2305 2573">
     <span class='ocr_line' id='line_1_39' title="bbox 2203 2523 2305 2573; baseline 0 0"><span class='ocrx_word' id='word_1_178' title='bbox 2203 2523 2305 2573; x_wconf 75' lang='lat'><strong><em>520</em></strong></span> 
     </span>
    </p>
   </div>
   <div class='ocr_carea' id='block_1_15' title="bbox 2205 3030 2301 3082">
    <p class='ocr_par' dir='ltr' id='par_1_28' title="bbox 2205 3030 2301 3082">
     <span class='ocr_line' id='line_1_40' title="bbox 2205 3030 2301 3082; baseline 0.021 -2"><span class='ocrx_word' id='word_1_179' title='bbox 2205 3030 2301 3082; x_wconf 78' lang='grc'><strong><em>525</em></strong></span> 
     </span>
    </p>
   </div>
   <div class='ocr_carea' id='block_1_16' title="bbox 2478 0 2480 1322">
    <p class='ocr_par' dir='ltr' id='par_1_29' title="bbox 2478 0 2480 1322">
     <span class='ocr_line' id='line_1_41' title="bbox 2478 0 2480 1322; baseline 0 0"><span class='ocrx_word' id='word_1_180' title='bbox 2478 0 2480 1322; x_wconf 95' lang='lat' dir='ltr'><strong><em> </em></strong></span> 
     </span>
    </p>
   </div>
   <div class='ocr_carea' id='block_1_17' title="bbox 2477 2840 2480 3379">
    <p class='ocr_par' dir='ltr' id='par_1_30' title="bbox 2477 2840 2480 3379">
     <span class='ocr_line' id='line_1_42' title="bbox 2477 2840 2480 3379; baseline 0 0"><span class='ocrx_word' id='word_1_181' title='bbox 2477 2840 2480 3379; x_wconf 95' lang='lat' dir='ltr'><strong><em> </em></strong></span> 
     </span>
    </p>
   </div>
  </div>
 </body>
</html>
