2492 3900
961 152 1247 211 ΙΠΠΟΛ
1256 152 1477 210 ΤΤΟΣ
2068 148 2193 211 445

417 328 480 391 εί
501 321 628 412 γὰρ
659 319 805 391 κατ’
840 318 1088 409 ἀνδρὸς
1119 328 1351 408 βίοτον
1383 320 1839 407 ἐξογκῶσεται,

415 420 452 493 ὁ
484 421 549 492 δ’
583 421 860 513 ὕστερος
885 429 1006 491 τοῦ
1034 422 1340 511 πρόσθεν
1368 427 1463 501 είς
1488 417 1874 509 ὑπερβολὴν

416 532 794 615 πανοῦργος
821 531 1036 610 ἔσται,
1067 534 1288 593 θεοῖσι
1315 530 1725 611 προσβαλεῖν
1748 524 1947 609 χθονὶ
2088 540 2191 595 940

419 624 632 715 ἄλλην
667 626 890 715 δεήσει
918 640 1150 714 γαῖαν,
1182 620 1226 713 ἢ
1251 624 1620 714 χωρήσεται

415 727 572 810 τοὺς
600 727 690 817 μὴ
721 733 1022 808 δικαίους
1050 729 1164 796 καὶ
1190 724 1442 807 κακοὺς
1469 725 1875 815 πεφυκότας.

414 834 761 913 σκέψασθε
794 827 856 899 δ’
893 836 986 910 είς
1021 825 1234 913 τόνδ’,
1266 824 1447 909 ὅστις
1474 830 1539 910 ἐξ
1568 832 1731 917 ἐμοῦ
1759 826 1970 917 γεγῶς

414 929 665 1021 ᾔσχυνε
695 928 866 1019 τάμὰ
893 932 1136 1018 λέκτρα
1165 926 1622 1019 κᾶξελέγχεται

413 1033 579 1124 πρὸς
609 1040 726 1121 τῆς
751 1031 1100 1119 θανούσης
1131 1034 1444 1120 ἐμφανῶς
1471 1032 1777 1112 κάκιστος
1806 1028 1920 1103 ῶν.
2090 1051 2190 1105 945

421 1138 641 1217 δεῖξον
670 1131 763 1221 δ’,
793 1133 1023 1221 ἐπειδή
1060 1130 1126 1221 γ’
1164 1140 1255 1215 είς
1282 1130 1516 1221 μίασμ’
1551 1132 1879 1221 ἐλήλυθα,

412 1236 488 1306 τὸ
518 1236 641 1306 σὸν
674 1236 1036 1326 πρόσωπον
1063 1231 1256 1325 δεῦρ’
1290 1238 1599 1304 ἐναντίον
1624 1244 1844 1323 πατρί.

425 1337 510 1408 σὺ
540 1337 624 1427 δὴ
653 1350 921 1408 θεοῖσιν
945 1334 1033 1417 ῶς
1062 1334 1376 1427 περισσὸς
1407 1331 1503 1406 ῶν
1532 1333 1701 1426 ἀνὴρ

413 1440 639 1522 ξύνει;
667 1438 756 1509 σὺ
783 1439 1083 1529 σῶφρων
1110 1441 1223 1508 καὶ
1260 1446 1488 1508 κακῶν
1514 1434 1877 1530 ἆκήρατος;

415 1539 540 1611 οὐκ
569 1537 654 1612 ἄν
686 1547 1015 1631 πιθοίμην
1041 1556 1212 1611 τοῖσι
1241 1556 1385 1622 σοῖς
1410 1540 1691 1629 κόμποις
1722 1541 1851 1629 ἐγω
2089 1560 2191 1615 950

414 1654 635 1714 θεοῖσι
661 1646 986 1735 προσθεὶς
1015 1640 1318 1732 ἀμαθίαν
1345 1659 1627 1733 φρονεῖν
1653 1652 1889 1725 κακῶς.

416 1742 546 1833 ἤδη
575 1774 706 1815 νυν
733 1742 924 1833 αὔχει
952 1748 1065 1815 καὶ
1093 1742 1187 1813 δι’
1223 1742 1491 1832 ἀψύχου
1525 1751 1730 1832 βορᾶς

417 1852 622 1928 σίτοις
649 1843 1000 1933 καπήλευ’,
1024 1844 1273 1935 Ὀρφέα
1298 1846 1364 1914 τ’
1396 1842 1627 1915 ἄνακτ’
1664 1853 1833 1933 ἔχων

417 1949 706 2038 βάκχευε
737 1956 1007 2018 πολλῶν
1035 1947 1443 2038 γραμμάτων
1468 1955 1681 2035 τιμῶν
1708 1949 2033 2032 καπνούς·

417 2056 566 2122 ἐπεί
590 2049 655 2139 γ’
689 2051 1010 2140 ἐλήφθης.
1037 2049 1194 2130 τοὺς
1222 2051 1299 2120 δὲ
1325 2049 1671 2131 τοιούτους
1698 2050 1827 2140 ἐγῶ
2086 2071 2187 2126 955

417 2153 700 2242 φεύγειν
727 2159 1069 2244 προφωνῶ
1097 2159 1291 2222 πᾶσι·
1318 2153 1695 2242 θηρεύουσι
1723 2153 1850 2241 γὰρ

415 2272 682 2343 σεμνοῖς
712 2254 1046 2343 λόγοισιν,
1077 2254 1317 2343 αἰσχρὰ
1344 2252 1830 2344 μηχανώμενοι.

412 2359 746 2446 τέθνηκεν
772 2353 896 2444 ἥδε
913 2378 928 2392 ·
957 2356 1155 2427 τοῦτό
1186 2353 1254 2425 σ’
1287 2357 1609 2428 ἐκσῶσειν
1636 2364 1887 2439 δοκεῖς;

411 2463 486 2528 ἐν
513 2456 674 2551 τῷδ’
709 2456 967 2528 ἁλίσκει
995 2466 1338 2544 πλεῖστον,
1372 2450 1426 2526 ὦ
1453 2459 1724 2528 κάκιστε
1753 2460 1839 2528 σύ
1858 2484 1871 2496 ·

413 2577 592 2629 ποῖοι
619 2559 747 2650 γὰρ
783 2557 974 2647 ὅρκοι
1002 2567 1421 2647 κρείσσονες,
1449 2568 1627 2640 τίνες
1655 2561 1843 2648 λόγοι
2086 2579 2187 2632 960

415 2659 610 2749 τῆσδ’
644 2657 730 2730 ἂν
755 2659 1046 2748 γένοιντ’
1081 2657 1199 2748 ἄν,
1232 2657 1402 2730 ὥστε
1430 2659 1494 2730 σ’
1528 2669 1751 2730 αἰτίαν
1782 2678 2065 2750 φυγεῖν;

417 2779 640 2851 μισεῖν
664 2785 742 2833 σε
769 2763 1006 2852 φήσεις
1031 2763 1233 2852 τήνδε
1263 2765 1378 2832 καὶ
1404 2760 1477 2832 τὸ
1509 2762 1592 2851 δὴ
1618 2763 1835 2832 νόθον

414 2882 552 2946 τοῖς
580 2873 918 2954 γνησίοισι
947 2869 1271 2954 πολέμιον
1299 2869 1674 2954 πεφυκέναι
1692 2887 1706 2902 ·

416 2967 630 3054 κακὴν
657 2965 770 3057 ἄρ’
801 2965 1014 3054 αὐτὴν
1043 2975 1337 3056 ἔμπορον
1364 2975 1518 3055 βίου
1547 2971 1781 3055 λέγεις,

414 3075 479 3138 εἰ
501 3075 866 3161 δυσμενείᾳ
893 3077 978 3159 σῇ
1007 3069 1088 3138 τὰ
1117 3065 1371 3158 φίλτατ’
1407 3067 1677 3140 ῶλεσεν.
2084 3089 2185 3140 963

419 3168 565 3239 ἀλλ’
599 3167 688 3252 ῶς
715 3171 788 3241 τὸ
818 3179 1047 3262 μῶρον
1075 3169 1405 3263 ἀνδράσιν
1431 3171 1556 3260 μὲν
1580 3168 1705 3240 οὐκ
1735 3180 1857 3256 ἔνι,

415 3276 680 3361 γυναιξὶ
710 3271 778 3343 δ’
811 3277 1235 3363 ἐμπέφυκεν;
1267 3269 1397 3344 οἶδ’
1430 3271 1560 3362 ἐγῶ
1588 3277 1782 3354 νέους

415 3372 621 3446 οὐδὲν
647 3384 994 3464 γυναικῶν
1021 3373 1216 3456 ὄντας
1245 3374 1806 3466 ἆσφαλεστέρους,

416 3471 578 3547 ὅταν
603 3479 846 3569 ταράξῃ
879 3478 1142 3567 Κύπρις
1167 3476 1443 3566 ἡβῶσαν
1472 3480 1689 3569 φρένα
1706 3501 1719 3514 ·
