2492 3900
688 145 1091 203 ΗΡΑΚΛΗΣ
1127 143 1743 203 ΜΑΙΝΟΜΕΝΟΣ
2085 143 2208 208 331

429 322 546 407 βία
575 315 648 384 δὲ
681 313 930 404 δράσῃς
959 314 1208 400 μηδέν,
1243 307 1289 398 ἢ
1319 319 1533 382 πείσει
1561 319 1741 401 βίαν,
2111 334 2211 387 215

433 414 597 486 ὅταν
616 415 778 496 θεός
811 436 915 486 σοι
949 422 1216 502 πνεῦμα
1242 413 1641 501 μεταβαλών
1674 413 1866 503 τύχῃ.

426 525 564 607 φεῦ
581 541 598 554 ·

427 613 480 690 ὦ
507 634 664 709 γαΐα
692 618 1006 707 Κάδμου,
1036 621 1149 688 καὶ
1178 615 1307 707 γὰρ
1340 625 1433 699 είς
1462 615 1523 688 σ’
1557 615 1877 708 ἀφίξομαι

426 723 670 809 λόγους
699 718 1164 811 ὀνειδιστῆρας
1189 720 1696 809 ἐνδατούμενος,

425 819 678 893 τοιαῦτ’
711 818 1004 910 ἀμύνεθ’
1034 820 1354 912 Ἡρακλεῖ
1375 824 1679 894 τέκνοισί
1697 851 1803 908 τες

427 922 498 1006 ὃς
529 919 623 1006 εἷς
651 924 990 996 Μινύαισι
1017 932 1178 994 πᾶσι
1207 924 1322 994 διὰ
1350 925 1559 1014 μάχης
1585 924 1813 1014 μολών
2110 944 2217 996 220

431 1023 681 1114 Θήβαις
709 1033 960 1114 ἔθηκεν
987 1022 1134 1115 ὄμμ’
1168 1027 1539 1117 ἐλεύθερον
1565 1029 1862 1116 βλέπειν.

427 1126 578 1198 οὐδ’
603 1125 870 1197 Ἑλλάδ’
903 1124 1091 1218 ᾕνεσ’
1124 1126 1277 1199 ουδ’
1308 1126 1629 1219 ἀνέξομαί
1644 1157 1807 1202 ποτε

338 1255 343 1260 ·
428 1237 671 1319 σιγῶν,
701 1236 1024 1317 κακίστην
1054 1231 1418 1320 λαμβάνων
1450 1237 1544 1314 εἰς
1572 1228 1761 1302 παῖδ’
1796 1233 1979 1322 ἐμόν,

198 1333 214 1340 “
435 1329 521 1420 ἣν
548 1339 719 1421 χρῆν
745 1347 1049 1414 νεοσσοῖς
1073 1339 1300 1403 τοῖσδε
1329 1341 1466 1424 πῦρ
1498 1334 1741 1422 λόγχας
1770 1333 1944 1406 ὅπλα

432 1436 778 1526 φέρουσαν
809 1438 1074 1523 ἐλθεῖν,
1105 1443 1404 1506 ποντίων
1430 1437 1888 1526 καθαρμάτων
2112 1455 2214 1508 225

430 1538 674 1626 χέρσου
701 1533 763 1606 τ’
797 1535 1112 1627 ἀμοιβάς,
1149 1565 1248 1608 ων
1271 1538 1647 1628 ἐμόχθησεν
1673 1541 1889 1631 χάριν.

431 1638 511 1711 τὰ
543 1638 636 1730 δ’,
669 1635 722 1710 ὦ
747 1639 943 1729 τέκν’,
973 1637 1138 1731 ὑμῖν
1163 1639 1323 1713 οῦτε
1354 1650 1674 1732 Θηβαίων
1701 1643 1894 1726 πόλις

430 1741 591 1815 οὗθ’
613 1742 841 1825 Ἑλλὰς
869 1743 1096 1833 ἀρκεῖ·
1126 1745 1295 1834 πρὸς
1323 1742 1388 1815 δ’
1424 1743 1517 1834 ἔμ’
1552 1743 1813 1836 ἀσθενῆ
1851 1754 2056 1835 φίλον

430 1844 798 1936 δεδόρκατ’,
837 1844 1044 1916 οὐδὲν
1069 1843 1234 1916 ὄντα
1262 1845 1438 1935 πλὴν
1465 1847 1769 1936 γλώσσης
1794 1849 2044 1937 ψόφον.

432 1948 622 2038 ῥώμη
647 1947 779 2037 γὰρ
809 1952 1195 2019 ἐκλέλοιπεν
1220 1945 1309 2037 ἢν
1338 1952 1502 2037 πρὶν
1531 1960 1797 2039 εἴχομεν
1814 1973 1829 1988 ·
1926 2040 1933 2045 .
2114 1966 2217 2020 230

429 2052 607 2143 γήρᾳ
635 2053 712 2121 δὲ
738 2049 1026 2140 τρομερὰ
1053 2066 1214 2139 γυῖα
1237 2048 1592 2139 κάμαυρὸν
1618 2055 1882 2134 σθένος.

435 2160 499 2223 εἰ
534 2152 602 2224 δ’
637 2150 682 2244 ἦ
737 2156 889 2234 νέος
915 2180 987 2223 τε
1013 2149 1163 2223 κᾶτι
1191 2155 1493 2242 σώματος
1519 2162 1807 2243 κρατῶν,

433 2252 661 2343 λαβὼν
689 2250 776 2325 ’ἀν
803 2262 992 2344 ἔγχος
1017 2261 1221 2326 τοῦδε
1246 2255 1404 2337 τοὺς
1439 2256 1732 2339 ξανθοὺς
1760 2257 2053 2337 πλόκους

435 2355 867 2448 καθῃμάτωσ’
900 2356 1017 2446 ἀν,
1051 2354 1195 2427 ὥστ’
1222 2355 1667 2429 Ἀτλαντικῶν
1694 2361 1909 2449 πέραν

435 2461 721 2548 φεύγειν
749 2456 931 2551 ὅρων
965 2486 1077 2528 νιν
1111 2466 1331 2550 δειλίᾳ
1366 2457 1625 2546 τούμὸν
1660 2459 1857 2548 δόρυ.
2118 2477 2219 2530 235

199 2570 350 2631 XO.
435 2553 534 2651 ἆρ’
567 2560 693 2631 οῦκ
720 2558 1031 2652 ἀφορμὰς
1058 2576 1194 2643 τοῖς
1221 2562 1522 2650 λόγοισιν
1549 2558 1799 2650 ἁγαθοὶ

325 2727 334 2733 ,
439 2671 716 2753 θνητῶν
748 2671 1007 2751 ἔχουσι,
1043 2659 1171 2733 κᾶν
1198 2664 1459 2754 βραδύς
1486 2692 1586 2743 τις
1611 2656 1655 2755 ᾖ
1684 2666 1948 2752 λέγειν;

204 2774 266 2835 A
275 2772 395 2833 ΤΚ
395 2818 409 2832 .
440 2765 526 2836 σύ
557 2766 681 2855 μὲν
708 2762 838 2854 λέγ’
873 2762 1042 2854 ἡμᾶς
1071 2762 1170 2846 οἷς
1196 2766 1637 2856 πεπύργωσαι
1664 2766 1905 2854 λόγοις,

441 2868 572 2958 ἐγώ
604 2870 682 2938 δὲ
707 2868 936 2957 δράσω
971 2866 1035 2937 σ’
1071 2866 1224 2938 ἀντὶ
1247 2876 1385 2938 τῶν
1412 2868 1637 2957 λόγων
1664 2876 1904 2951 κακῶς.

437 2968 562 3060 ἄγ’,
593 2978 665 3041 οἳ
685 2970 810 3058 μὲν
828 2967 1146 3058 Ἑλικῶν’,
1175 2976 1248 3040 οἳ
1268 2971 1345 3040 δὲ
1370 2979 1740 3062 Παρνασοῦ
1775 2975 2026 3059 πτυχὰς
2120 2986 2224 3039 240

441 3075 710 3162 τέμνειν
737 3068 994 3159 ἄνωχθ’
1028 3073 1344 3153 ἐλθόντες
1372 3071 1755 3164 ὑλουργοὺς
1785 3072 1993 3165 δρυὸς

441 3173 766 3263 κορμούς·
799 3174 1076 3245 ἐπειδὰν
1105 3172 1170 3245 δ’
1207 3182 1733 3263 εἰσκομισθῶσιν
1760 3177 1971 3263 πόλει,

440 3275 673 3365 βωμὸν
699 3279 887 3364 πέριξ
913 3277 1238 3365 νήσαντες
1264 3274 1544 3368 ἀμφήρη
1570 3280 1735 3362 ξύλα

443 3376 798 3469 ἐμπίπρατ’
830 3376 1058 3447 αὐτῶν
1083 3383 1196 3449 καὶ
1223 3388 1518 3467 πυροῦτε
1546 3382 1817 3469 σώματα

1023 3478 1590 3508 ηηηηη

375 3538 386 3549 .
443 3481 750 3571 πάντων,
778 3478 858 3551 ἵν’
894 3487 1096 3551 εἰδωσ
1153 3508 1360 3551 ουνεκ
1406 3509 1529 3567 ουχ
1558 3510 1593 3551 ο
1624 3480 1989 3550 κατθανών
2123 3495 2227 3549 245
