2492 3900
220 1124 365 1187 Xo.

219 1329 372 1389 AA.

221 2345 368 2408 XO.

1044 131 1453 191 ΙΚΕΤΙΔΕΣ
2114 128 2239 194 379

455 309 548 385 εἰς
579 298 734 382 τούς
763 308 1030 389 ἔχοντας
1058 293 1284 387 κέντρ’
1318 296 1599 387 ἀφιᾶσιν
1625 300 1817 387 κακά,

457 399 788 493 γλώσσαις
813 406 1135 491 πονηρῶν
1163 406 1555 490 προστατῶν
1582 402 1997 491 φηλούμενοι
2016 424 2031 439 ·

453 513 662 595 τριῶν
689 504 765 575 δὲ
792 510 1051 595 μοιρῶν
1078 498 1209 591 ἡ’ν
1233 503 1415 595 μέσῳ
1442 502 1635 587 σώζει
1660 504 1909 591 πόλεις,

365 688 374 695 .
457 607 711 696 κόσμον
742 601 1164 696 φυλάσσουσ’
1196 599 1412 673 ὅντιν’
1446 598 1533 673 ἂν
1559 604 1718 696 τάξῃ
1746 606 1956 688 πόλις.
2138 624 2239 675 245

454 705 715 779 κᾶπειτ’
747 708 880 796 ἐγώ
909 732 1013 777 σοι
1036 705 1377 794 σύμμαχος
1403 706 1802 795 γενήσομαι;

454 818 525 880 τί
545 809 712 901 πρὸς
740 818 1012 890 πολίτας
1041 804 1196 887 τοὺς
1225 805 1427 896 ἐμοὺς
1453 810 1671 897 λέγων
1699 809 1944 893 καλόν;

453 919 710 1003 χαίρων
740 910 840 982 ἴθ’
863 935 878 951 ·
941 917 1004 981 εἰ
1025 907 1153 998 γὰρ
1181 908 1271 997 μὴ
1304 909 1751 998 βεβούλευσαι
1780 918 2019 999 καλῶς,

455 1010 660 1096 αὐτὸς
689 1016 936 1097 πιέζειν
963 1009 1088 1101 τὴν
1114 1011 1357 1101 τύχην,
1387 1008 1558 1099 ἡμᾶς
1587 1009 1654 1082 δ’
1690 1016 1829 1082 ἐᾶν.

449 1112 780 1207 ἥμαρτον·
819 1119 894 1185 ἐν
920 1116 1130 1185 νέοισι
1160 1110 1223 1183 δ’
1262 1110 1651 1203 ἀνθρώπων
1679 1114 1831 1185 τόδε
2138 1132 2239 1183 250

455 1224 673 1288 ἔνεστι
690 1240 705 1256 ·
735 1215 1146 1307 συγγνώμην
1173 1216 1249 1285 δὲ
1276 1212 1435 1307 τῷδ’
1468 1222 1647 1303 ἔχειν
1672 1214 1909 1308 χρεών.

458 1317 650 1390 οῦτοι
677 1318 1002 1407 δικαστήν
1027 1315 1093 1387 σ’
1131 1317 1407 1406 εἱλόμην
1435 1320 1615 1406 ἐμῶν
1646 1325 1874 1387 κακῶν

459 1419 611 1492 οὐδ’
651 1432 716 1492 εἴ
737 1449 801 1491 τι
827 1419 1078 1510 πράξας
1103 1418 1193 1507 μὴ
1223 1426 1445 1499 καλῶς
1473 1416 1888 1511 εὑρίσκομαι,

459 1524 721 1593 τούτων
753 1520 1086 1609 κολαστὴν
1117 1518 1596 1611 κάπιτιμητήν,
1626 1519 1811 1609 ἄναξ,
2137 1537 2238 1589 255

454 1622 603 1695 ἀλλ’
639 1622 727 1706 ώς
755 1622 1064 1713 ὀναίμην.
1141 1630 1204 1693 εἰ
1228 1623 1305 1693 δὲ
1335 1622 1425 1711 μὴ
1453 1623 1687 1712 βούλει
1715 1623 1896 1710 τάδε,

453 1729 758 1815 στέργειν
786 1724 1044 1814 ἀνάγκη
1074 1739 1246 1795 τοῖσι
1274 1740 1448 1805 σοῖς·
1480 1732 1552 1794 τί
1570 1723 1698 1815 γὰρ
1728 1725 1963 1805 πάθω;

455 1826 600 1897 ἄλλ’
638 1820 692 1897 a}
719 1834 1016 1919 γεραιαί,
1048 1834 1338 1913 στείχετε
1363 1825 1667 1914 γλαυκὴν
1693 1825 1898 1913 χλόην

453 1928 666 2002 αὐτοῦ
694 1936 1006 2000 λιποῦσαι
1037 1925 1384 2016 φυλλάδος
1410 1935 1811 2018 καταστεφῆ,

453 2030 662 2112 θεούς
691 2059 762 2101 τε
789 2032 904 2101 καὶ
933 2039 1062 2119 γῆν
1092 2031 1215 2118 τήν
1241 2057 1315 2099 τε
1341 2029 1703 2119 πυρφόρον
1730 2027 1905 2100 θεὰν
2138 2046 2241 2102 260

451 2133 780 2223 Δήμητρα
809 2136 1091 2220 θέμεναι
1119 2129 1407 2223 μάρτυρ’
1440 2130 1637 2220 ἡλίου
1665 2159 1736 2202 τε
1765 2139 1929 2220 φῶς,

459 2233 547 2317 ῶς
574 2233 781 2305 οὐδὲν
807 2231 967 2323 ἡμῖν
994 2231 1290 2324 ἤρκεσαν
1317 2236 1494 2303 λιταὶ
1519 2241 1727 2304 θεῶν.

453 2340 1980 2391 ************

454 2441 1983 2491 ************

462 2537 535 2622 ὂς
562 2544 866 2622 Πέλοπος
893 2532 981 2628 ἦν
1008 2554 1196 2626 παῖς,
1223 2547 1566 2620 Πελοπίας
1594 2538 1659 2609 δ’
1693 2536 1881 2627 ἡμεῖς
1913 2538 2161 2626 χθονὸς

453 2639 701 2713 ταύτὸν
727 2648 1036 2734 πατρῶον
1065 2635 1228 2728 αἷμα
1255 2643 1363 2711 σοὶ
1390 2642 1786 2729 κεκτήμεθα.

455 2753 527 2815 τί
548 2751 748 2836 δρᾷς;
777 2742 1148 2834 προδώσεις
1174 2751 1383 2813 ταῦτα
1409 2740 1765 2833 κάκβαλεῖς
1790 2739 2038 2830 χθονὸς
2140 2757 2241 2812 265

456 2852 669 2936 γραῦς
696 2843 779 2915 οῦ
817 2845 1144 2934 τυχούσας
1173 2837 1465 2915 οῦδὲν
1411 2874 1508 2915 ων
1538 2843 1744 2927 αῦτὰς
1772 2848 2008 2935 ἐχρῆνς

457 2947 546 3038 μὴ
578 2945 762 3036 δῆτ’·
799 2955 930 3036 ἔχει
959 2975 1088 3037 γαρ
1119 2946 1521 3037 καταφυγὴν
1546 2947 1684 3038 θὴρ
1713 2947 1838 3036 μὲν
1866 2948 2135 3035 πέτραν,

458 3057 702 3130 δοῦλος
729 3050 805 3120 δὲ
831 3048 1103 3140 βωμοὺς
1131 3057 1352 3138 θεῶν,
1382 3050 1571 3132 πόλις
1599 3050 1675 3119 δὲ
1708 3046 1877 3139 πρὸς
1905 3047 2101 3116 πόλιν

458 3155 693 3242 ἔπτηξε
718 3163 1154 3241 χειμασθεῖσα
1173 3173 1191 3188 ·
1220 3159 1357 3220 τῶν
1383 3150 1511 3239 γὰρ
1542 3155 1617 3222 ἐν
1646 3159 1910 3241 βροτοῖς

456 3250 583 3326 οὐκ
612 3262 794 3324 ἔστιν
821 3252 1024 3325 οὐδὲν
1054 3251 1167 3322 διὰ
1195 3255 1428 3334 τέλους
1455 3251 1929 3342 εὐδαιμονοῦν.
2140 3267 2242 3321 270

455 3478 586 3539 ἀλλ’
621 3483 700 3549 ὥς
735 3481 934 3555 ἰατρὸν
967 3479 1163 3552 τῶνδ’,
1201 3476 1380 3552 ἅναξ,
1414 3479 1725 3554 ἀφίγμεθα.
2138 3487 2241 3538 252
