2492 3900
989 150 1547 213 ANAPOMAXH

533 332 610 394 αἳ
630 321 754 407 ξὺν
780 322 1033 391 νέοισιν
1061 323 1497 409 ἐξερημοῦσαι
1527 317 1775 404 δόμους

536 438 851 515 γυμνοῖσι
879 437 1113 511 μηροῖς
1137 423 1254 491 καὶ
1282 422 1556 501 πέπλοις
1583 416 1958 507 ἀνειμένοις

537 528 832 617 δρόμους
861 531 1272 611 παλαίστρας
1298 519 1346 591 τ’
1379 518 1506 591 οὐκ
1534 518 1938 607 ἆνασχετούς
1966 524 2112 610 ἐμοὶ

535 626 764 709 κοινὰς
793 634 1039 714 ἔχουσι.
1093 616 1262 716 κᾷτα
1288 623 1661 712 θαυμάζειν
1686 622 1905 712 χρεών
2214 642 2320 697 600

534 737 598 799 εἰ
619 729 709 818 μὴ
738 744 1062 817 γυναῖκας
1089 727 1445 817 σώφρονας
1474 725 1863 809 παιδεύετε;

525 829 798 918 Ἑλένην
825 832 1100 920 ἐρέσθαι
1128 835 1299 917 χρῆν
1326 824 1499 914 τάδ’,
1529 824 1672 914 ἥτις
1700 832 1773 897 ἐκ
1803 827 2030 915 δόμων

532 931 653 1002 τὸν
681 929 803 1002 σὸν
831 937 1118 1001 λιποῦσα
1145 938 1379 1019 φίλιον
1407 929 1777 1017 ἐξεκώμασε

532 1042 811 1104 νεανίου
839 1030 981 1122 μετ’
1015 1029 1264 1121 ἀνδρὸς
1295 1038 1387 1111 εἰς
1414 1028 1624 1118 ἄλλην
1652 1028 1889 1119 χθόνα.

536 1132 795 1206 κᾶπειτ’
829 1138 1087 1221 ἐκείνης
1133 1130 1343 1220 εἵνεχ’
1382 1128 1719 1220 Ἑλλήνων
1745 1130 1947 1220 ὄχλον
2215 1147 2319 1203 605

534 1233 806 1307 τοσόνδ’
839 1233 1168 1327 ἀθροίσας
1195 1232 1441 1322 ἤγαγες
1468 1232 1635 1324 πρὸς
1658 1231 1869 1304 Ἴλιον
1886 1264 1901 1281 ·

529 1335 623 1425 ἣν
649 1345 817 1427 χρῆν
844 1334 910 1406 σ’
945 1333 1423 1406 ἆποπτύσαντα
1449 1334 1539 1423 μὴ
1568 1352 1785 1406 κινεῖν
1815 1335 1986 1424 δόρυ

537 1438 753 1527 κακὴν
782 1435 1163 1527 ἐφευρόντ’,
1195 1434 1347 1507 ἀλλ’
1381 1442 1499 1507 ἐᾶν
1530 1434 1743 1508 αὐτοῦ
1770 1441 2000 1525 μένειν

539 1540 789 1628 μισθόν
816 1567 889 1609 τε
917 1539 1121 1608 δόντα
1147 1536 1390 1627 μήποτ’
1424 1546 1518 1619 εἰς
1545 1550 1772 1620 οἴκους
1798 1547 2051 1627 λαβεῖν.

543 1640 686 1711 ἀλλ’
722 1638 869 1711 οὔτι
896 1641 1104 1730 ταύτῃ
1130 1639 1255 1710 σὸν
1284 1639 1581 1729 φρόνημ’
1618 1641 1973 1731 έπούρισας
1990 1661 2005 1676 ·
2218 1656 2321 1711 610

539 1742 756 1830 ψυχὰς
787 1744 862 1813 δὲ
891 1740 1139 1822 πολλὰς
1166 1740 1472 1830 κάγαθᾶς
1502 1740 1850 1824 ἀπώλεσας

542 1851 804 1914 παίδων
829 1841 891 1913 τ’
925 1841 1210 1925 ἄπαιδας
1235 1852 1449 1933 γραῦς
1476 1852 1726 1933 ἔθηκας
1754 1847 1828 1914 έν
1856 1843 2085 1929 δόμοις

542 1947 820 2030 πολιούς
846 1943 906 2017 τ’
942 1942 1227 2034 ἀφείλου
1258 1951 1544 2038 πατέρας
1573 1944 1817 2036 εὐγενῆ
1846 1948 2063 2016 τέκνα.

541 2041 639 2120 ὧν
669 2045 761 2130 εἷς
789 2047 920 2138 ἐγώ
949 2049 1304 2137 δύστηνος·
1336 2046 1679 2137 αὐθέντην
1707 2049 1782 2117 δὲ
1808 2049 1884 2118 σὲ

544 2149 844 2240 μιάστορ’
881 2146 970 2230 ὥς
997 2148 1130 2219 τιν’
1168 2147 1539 2240 εἰσδέδορκ’
1567 2148 1931 2238 Ἀχιλλέως.
2216 2165 2321 2220 61⁹5

547 2249 621 2334 ὃς
647 2251 811 2321 οὐδὲ
838 2254 1126 2341 τρωθεὶς
1149 2244 1361 2339 ἦλθες
1388 2255 1460 2322 ἐκ
1498 2259 1743 2343 Τροίας
1768 2253 1991 2340 μόνος,

545 2353 863 2423 κάλλιστα
890 2353 1089 2441 τεύχη
1125 2351 1188 2422 δ’
1223 2358 1299 2423 ἐν
1326 2363 1587 2424 καλοῖσι
1614 2353 1945 2442 σάγμασιν

545 2451 722 2542 ὅμοι’
760 2459 971 2524 ἐκεῖσε
1000 2455 1205 2546 δεῦρό
1230 2452 1291 2524 τ’
1325 2453 1570 2545 ἤγαγες
1595 2455 1817 2525 πάλιν.

545 2553 728 2644 κάγὼ
759 2558 882 2646 μὲν
908 2554 1142 2648 ηῦδων
1168 2563 1261 2649 τῷ
1290 2565 1615 2646 γαμοῦντι
1646 2557 1809 2645 μήτε
1838 2559 1945 2627 σοὶ

545 2664 749 2746 κῆδος
771 2658 1064 2741 συνάψαι
1092 2658 1256 2747 μήτε
1283 2655 1584 2748 δείμασιν
1610 2667 1844 2747 λαβεῖν
2219 2671 2324 2725 620

545 2767 751 2847 κακῆς
776 2759 1098 2849 γυναικὸς
1124 2767 1349 2831 πῶλον
1366 2783 1381 2800 ·
1422 2764 1781 2852 ἐκφέρουσι
1808 2759 1937 2850 γὰρ

541 2859 796 2954 μητρῷ’
830 2858 1080 2950 ὀνείδη.
1113 2870 1311 2932 τοῦτο
1342 2865 1455 2932 καὶ
1480 2865 1792 2934 σκοπεῖτέ
1826 2889 1959 2951 μοι,

547 2970 950 3052 μνηστῆρες,
981 2968 1227 3052 ἐσθλῆς
1264 2962 1591 3058 θυγατέρ’
1628 2969 1701 3036 ἐκ
1737 2962 1985 3054 μητρὸς
2010 2967 2265 3049 λαβεῖν.

548 3063 717 3156 πρὸς
747 3071 970 3136 τοῖσδε
998 3063 1066 3135 δ’
1100 3072 1193 3146 εἰς
1220 3063 1522 3155 ἀδελφὸν
1546 3062 1633 3138 οἷ’
1668 3066 2059 3157 ἐφύβρισας,

545 3167 793 3257 σφάξαι
817 3167 1138 3249 κελεύσας
1163 3167 1486 3258 θυγατέρ’
1521 3166 2007 3256 εὐηθέστατον;
2217 3179 2319 3233 625

549 3267 762 3352 οὕτως
789 3277 1047 3352 ἔδεισας
1073 3268 1162 3359 μὴ
1191 3267 1274 3339 οῦ
1300 3270 1517 3359 κακὴν
1543 3267 1826 3360 δάμαρτ’
1862 3276 2031 3358 ἔχῃς.

548 3370 721 3443 ἑλών
750 3373 826 3443 δὲ
865 3379 1144 3462 Τροίαν,
1177 3371 1309 3460 εἶμι
1337 3371 1464 3462 γὰρ
1492 3371 1848 3442 κάνταῦθά
1874 3392 2000 3458 σοι,

550 3471 677 3544 οὐκ
705 3482 978 3556 ἔκτανες.
1000 3489 1286 3563 γυναῖκα
1312 3481 1571 3562 χειρίαν
1598 3473 1825 3565 λαβιόν
1841 3496 1857 3509 ·

2476 783 2478 869 4

2478 1012 2481 1085 Ν
