2492 3900
322 139 448 203 250
1138 145 1536 202 ΗΛΕΚΤΡΑ

330 322 469 382 HA.
554 327 771 382 τεκεῖν
796 306 867 396 μ’
900 305 1201 398 ἐβούλετ’
1236 307 1533 398 ἀσθενῆ,
1570 317 1811 402 τοιῷδε
1844 307 2028 393 δούς.

329 424 455 483 ΟΡ.
552 410 640 495 ὡς
666 419 841 502 δῆθε
867 417 1110 493 παῖδας
1134 409 1223 500 μὴ
1252 412 1470 492 τέκοις
1496 412 1932 501 ποινάτορας;

322 523 468 584 ΗΛ.
549 510 805 584 τοιαῦτ’
838 512 1211 599 ἐβούλευσ’·
1246 502 1345 582 ὦν
1372 515 1518 600 ἐμοὶ
1548 519 1701 602 δοίη
1731 520 1952 602 δίκην.

328 625 455 684 ΟΡ.
550 616 735 686 οἶδεν
767 618 850 685 δέ
873 612 937 684 σ’
970 607 1185 685 οὖσαν
1211 616 1561 703 παρθένον
1586 614 1834 704 μητρὸς
1861 617 2090 701 πόσιςς

325 727 469 787 ΗΛ.
552 715 679 788 οὐκ
710 717 853 788 οἶδε
871 739 886 755 ·
916 724 1073 806 σιγῇ
1103 715 1305 786 τοῦθ’
1339 713 1864 806 ὑφαιρούμεσθά
1889 746 2025 787 νιν.

327 829 454 888 ΟΡ.
554 817 697 889 αἵδ’
735 809 863 888 οὖν
891 825 1083 904 φίλαι
1113 840 1216 888 σοι
1244 815 1480 888 τούσδ’
1515 817 1885 889 ἀκούουσιν
1911 819 2204 908 λόγους-ς

319 931 467 992 HA.
554 919 721 992 ὥστε
748 923 1009 1009 στέγειν
1034 947 1113 1009 γε
1142 917 1317 1008 τάμὰ
1343 923 1458 990 καὶ
1483 917 1547 990 σ’
1581 928 1704 1009 ἔπη
1732 929 1973 1002 καλῶς.

326 1033 454 1092 ΟΡ.
552 1030 625 1093 τί
651 1021 801 1111 δῆτ’
824 1025 1127 1110 Ὀρέστης
1156 1020 1323 1106 πρὸς
1349 1019 1521 1108 τόδ’,
1551 1019 1797 1115 ’Ἄργος
1821 1019 1909 1111 ἦν
1935 1021 2151 1112 μόλῃ;

2239 635 2342 689 270

2241 1040 2340 1094 274

318 1134 468 1195 HA.
546 1123 721 1216 ἤρου
748 1122 893 1195 τόδ’
918 1157 934 1208 ;
968 1121 1246 1215 αἰσχρόν
1273 1120 1347 1211 γ’
1384 1124 1603 1204 εἶπας·
1647 1123 1732 1194 ού
1760 1123 1887 1214 γὰρ
1915 1131 2053 1194 νῦν
2082 1123 2306 1214 ἀκμῆς

325 1237 452 1297 ΟΡ.
550 1225 776 1297 ἐλθών
803 1227 879 1296 δὲ
905 1225 989 1315 δὴ
1017 1233 1157 1308 πῶς
1185 1228 1435 1314 φονέας
1465 1223 1552 1297 ἂν
1577 1226 1810 1296 κτάνοι
1836 1227 2126 1311 πατρός;

319 1338 467 1399 HA.
552 1338 814 1418 τολμῶν
842 1325 961 1399 ὑπ’
996 1332 1264 1420 ἐχθρῶν
1293 1324 1380 1397 οἷ’
1419 1329 1754 1417 ἐτολμήθη
1783 1334 1963 1398 ποτέ.

324 1440 451 1500 ΟΡ.
549 1423 595 1517 ἦ
621 1434 734 1500 καὶ
760 1428 906 1519 μετ’
939 1428 1151 1500 αὐτοῦ
1179 1428 1414 1519 μητέρ’
1447 1426 1533 1500 ὅὶν
1559 1437 1787 1518 τλαίης
1813 1444 2127 1514 κτανεΐν;

318 1539 465 1602 HA.
548 1529 769 1624 ταύτῷ
800 1558 877 1619 γε
905 1535 1171 1602 πελέκει
1196 1539 1291 1624 τῷ
1318 1530 1534 1622 πατὴρ
1565 1529 1888 1602 ἀπώλετο.

324 1642 452 1703 ΟΡ.
553 1635 725 1721 λέγω
752 1629 899 1702 τάδ’
934 1629 1119 1726 αὐτῷ
1132 1685 1151 1720 ,
1180 1636 1296 1702 καὶ
1322 1637 1563 1724 βέβαια
1589 1631 1757 1705 τάπὸ
1792 1641 1952 1717 σοῦ;

318 1744 464 1805 ΗΛ.
546 1735 825 1822 θάνοιμι
851 1734 1097 1825 μητρὸς
1128 1730 1273 1823 αἷμ’
1309 1731 1701 1824 ἐπισφάξασ’
1735 1739 1916 1823 ἐμῆς.

323 1847 451 1908 ΟΡ.
549 1844 683 1925 φεῦ
701 1859 715 1873 ·

546 1937 680 2010 εἴθ’
714 1930 801 2029 ἦν
829 1934 1134 2030 Ὀρέστης
1168 1946 1454 2028 πλησίον
1481 1939 1709 2010 κλύων
1735 1938 1912 2009 τάδε.

318 2051 465 2112 ΗΛ.
546 2040 694 2113 ἀλλ’
728 2034 785 2113 ὦ
811 2040 972 2130 ξέν’,
1001 2039 1086 2112 ού
1118 2050 1359 2132 γνοίην
1384 2038 1472 2112 ἄν
1500 2040 1847 2112 εἰσιδοῦσά
1878 2069 2016 2111 νιν.

322 2154 451 2213 ΟΡ.
548 2147 671 2214 νέα
698 2144 860 2234 γάρ,
891 2140 1097 2213 οὐδὲν
1122 2140 1367 2233 θαῦμ’,
1397 2141 1811 2232 ἀπεζεύχθης
1837 2146 2024 2213 νέου.

315 2255 461 2315 HA.
546 2241 640 2326 εἷς
668 2242 752 2315 ἂν
779 2245 981 2334 μόνος
1004 2273 1119 2315 νιν
1145 2253 1283 2315 τῶν
1309 2250 1489 2334 ἐμῶν
1517 2253 1710 2335 γνοίη
1741 2252 1983 2334 φίλων.

320 2357 447 2417 ΟΡ.
542 2339 654 2434 ἆρ’
686 2343 769 2415 ὃν
795 2348 1108 2432 λέγουσιν
1139 2344 1351 2418 αὐτὸν
1377 2351 1693 2430 ἐκκλέψαι
1719 2347 1980 2435 φόνους

318 2459 460 2519 HA.
544 2447 790 2538 πατρός
814 2474 892 2538 γε
916 2447 1345 2537 παιδαγωγὸς
1371 2446 1642 2540 ἀρχαῖος
1667 2452 1908 2540 γέρων.

319 2562 445 2621 ΟΡ.
545 2548 581 2621 ὁ
613 2550 975 2622 κατθανών
1003 2552 1079 2621 δὲ
1107 2551 1223 2633 σὸς
1249 2551 1466 2642 πατὴρ
1494 2552 1757 2641 τύμβου
1783 2565 2012 2641 κυρεῖ;

311 2662 457 2723 ΗΛ.
543 2662 828 2745 ἔκυρσεν
859 2682 949 2735 ως
977 2660 1294 2743 ἔκυρσεν,
1329 2657 1683 2743 ἐκβληθεὶς
1713 2654 1959 2743 δόμων.

317 2764 447 2823 ΟΡ.
546 2767 744 2842 οἴμοι,
775 2754 918 2824 τόδ’
953 2750 1101 2825 οἷον
1129 2756 1351 2837 εἶπας·
1383 2767 1696 2845 αἴσθησις
1724 2784 1854 2845 γαρ
1883 2746 2010 2825 οὖν

536 2853 662 2923 κάκ
690 2862 825 2925 τῶν
852 2864 1165 2943 θυραίων
1192 2859 1513 2947 πημάτων
1539 2858 1775 2929 δάκνει
1803 2854 2109 2947 βροτούς.

536 2959 727 3039 λέξον
756 2954 844 3046 δ’,
878 2952 966 3025 ἵν’
1002 2957 1196 3039 εἰδώς
1222 2967 1320 3052 σῷ
1348 2960 1724 3053 κασιγνήτῳ
1753 2962 1938 3048 φέρω

538 3058 780 3145 λόγους
807 3056 1145 3150 ἀτερπεῖς,
1175 3058 1329 3130 ἀλλ’
1368 3059 1775 3150 ἀναγκαίους
1802 3059 2056 3131 κλύειν.

537 3167 753 3229 ἔνεστι
783 3158 848 3231 δ’
882 3161 1098 3242 οἶκτος
1126 3160 1388 3255 ἀμαθίᾳ
1414 3164 1538 3251 μὲν
1571 3162 1899 3252 οὐδαμοῦ,

533 3277 806 3351 σοφοῖσι
834 3260 898 3333 δ’
934 3260 1236 3353 ἀνδρῶν·
1269 3267 1381 3335 καὶ
1409 3264 1536 3354 γὰρ
1567 3263 1720 3336 οὐδ’
1754 3264 2030 3354 ἀζήμιον

532 3363 807 3454 γνώμην
834 3370 1085 3435 ἐνεῖναι
1111 3383 1248 3447 τοῖς
1276 3382 1515 3454 σοφοῖς
1540 3374 1694 3437 λίαν
1723 3367 1965 3456 σοφήν.

308 3472 444 3531 ΧΟ.
526 3463 709 3552 κάγῶ
740 3464 858 3535 τὸν
886 3463 1097 3535 αὐτὸν
1124 3465 1284 3559 τῷδ’
1319 3476 1476 3557 ἔρον
1501 3474 1718 3556 ψυχῆς
1751 3477 1898 3556 ἔχω.

2225 2771 2334 2827 290

2219 3283 2324 3339 295
