2492 3900
300 153 426 217 380
1105 153 1517 211 ΙΚΕΤΙΛΕΣ

526 331 728 411 βᾶθι,
759 316 1042 406 τάλαιν’,
1075 326 1277 409 ἱερῶν
1304 322 1616 389 δαπέδων
1644 316 1775 389 ἄπο
1789 327 2309 410 Περσεφονείας,

532 431 698 512 βᾶθι
729 426 840 492 καὶ
871 420 1190 492 ἀντίασον
1214 422 1523 510 γονάτων
1552 430 1663 491 ἔπι
1687 438 1878 511 χεῖρα
1906 430 2233 511 βαλοῦσα,

528 529 784 595 τέκνων
809 524 1169 595 τεθνῶτων
1195 531 1465 611 κομίσαι
1494 527 1731 613 δέμας,
1761 516 1815 593 ῶ
1843 527 2047 611 μελέα
2065 523 2215 613 ’γῶ,

531 624 650 708 οὕς
681 623 814 697 ὑπὸ
847 633 1089 713 τείχεσι
1117 631 1561 712 Καδμείοισιν
1590 624 1901 696 ἀπώλεσα
1930 628 2249 718 κούρους.

537 729 642 813 [ἰῶ
673 751 820 817 μοι·
853 729 1090 816 λάβετε
1119 731 1358 817 φέρετε
1387 730 1675 815 πέμπετε
1702 735 1969 817 κρίνετε
2216 743 2317 798 275

529 837 844 911 ταλαίνας
870 832 1066 917 χέρας
1093 829 1412 918 γεραιάς.]

529 932 694 1021 πρός
735 953 809 1001 σε
850 931 1226 1019 γενειάδος,
1273 922 1327 999 ῶ
1356 938 1587 1018 φίλος,
1618 921 1671 999 ῶ
1703 930 2153 1019 δοκιμώτατος
2168 928 2321 999 Ἑλ-

1219 1034 1398 1119 λάδι,

534 1132 812 1223 ἄντομαι
851 1132 1355 1224 ἀμφιπίτνουσα
1385 1132 1458 1203 τὸ
1490 1132 1613 1203 σὸν
1642 1133 1815 1222 γόνυ
1840 1136 1953 1203 καὶ
1982 1135 2146 1223 χέρα
2176 1140 2220 1203 δ
2224 1161 2321 1203 ει-

1215 1243 1407 1305 λαία·

531 1348 815 1409 οἴκτισαι
848 1336 1021 1427 ἀμφὶ
1047 1341 1303 1408 τέκνων
1333 1334 1406 1425 μ’
1443 1339 1669 1406 ἱκέταν
1694 1334 1826 1406 τιν’
1860 1334 2114 1406 ἀλάταν
2218 1354 2325 1409 280

530 1439 799 1525 οἰκτρὸν
825 1440 1101 1528 ἰάλεμον
1129 1438 1401 1529 οἰκτρὸν
1430 1446 1664 1524 ἱεῖσαν,

533 1538 692 1629 μηδ’
744 1538 1079 1627 ἀτάφους,
1126 1545 1396 1628 τέκνον,
1454 1546 1528 1610 ἐν
1566 1542 1769 1627 χθονὶ
1810 1539 2091 1628 Κάδμου
2153 1541 2320 1631 χάρ-

1215 1670 1388 1730 ματα
1415 1649 1654 1731 θηρῶν

535 1748 774 1825 παῖδας
807 1747 880 1813 ἐν
903 1743 1136 1836 ἁλικίᾳ
1170 1751 1275 1836 [τᾷ
1307 1750 1415 1836 σᾷ]
1445 1751 1755 1835 κατίδῃς,
1788 1744 2087 1813 ἱκετεύω.

536 1849 788 1933 βλέψον
815 1849 994 1934 ἐμῶν
1022 1848 1385 1936 βλεφάρων
1404 1854 1513 1917 ἔπι
1542 1846 1863 1936 δάκρυον,
1894 1842 1938 1914 ἃ
1964 1846 2120 1934 περὶ
2139 1863 2319 1916 σοῖσι

528 1948 856 2035 γούνασιν
875 1939 1010 2019 ῶδε
1037 1958 1271 2037 πίτνω,
1302 1951 1559 2030 τέκνοις
1586 1948 1807 2037 τάφον
1834 1945 2315 2031 ἐξανύσασθαι.

303 2055 446 2116 ΘΗ.
527 2058 767 2142 μῆτερ,
800 2059 871 2121 τί
890 2059 1142 2133 κλαίεις
1167 2047 1355 2122 λέπτ’
1388 2048 1496 2120 ἐπ’
1528 2047 1846 2139 ὀμμάτων
1873 2048 2059 2138 φάρη
2216 2065 2318 2122 286

527 2160 830 2238 βαλοῦσα
859 2160 996 2222 τῶν
1022 2153 1197 2237 σῶν;
1233 2144 1363 2244 ἆρα
1390 2153 1767 2240 δυστήνους
1793 2153 1997 2240 γόους

532 2253 832 2324 κλύουσα
859 2261 1110 2338 τῶνδες
1139 2251 1308 2343 κάμε
1333 2252 1461 2342 γὰρ
1491 2256 1740 2342 διῆλθέ
1759 2283 1841 2322 τι.

531 2361 760 2444 ἔπαιρε
789 2355 1038 2425 λευκὸν
1067 2364 1312 2444 κρᾶτα,
1340 2355 1431 2445 μὴ
1461 2354 1868 2445 δακρυρρόει

527 2471 834 2543 σεμναῖσι
861 2464 1094 2546 Δηοῦς
1122 2458 1426 2548 ἐσχάραις
1454 2460 1819 2549 παρημένη.
2213 2473 2318 2528 290

298 2566 419 2626 AI.
526 2565 684 2628 αἰαῖ.
755 2567 903 2630 ΘΗ.
958 2558 1040 2630 τὰ
1063 2559 1325 2630 τούτων
1351 2556 1504 2648 οὐχὶ
1529 2561 1636 2630 σοὶ
1663 2561 2079 2629 στενακτέον.

300 2667 418 2728 ΑΙ.
529 2652 584 2729 ῶ
612 2663 932 2751 τλήμονες
956 2677 1293 2751 γυναῖκες.
1367 2670 1515 2732 ΘΗ.
1575 2657 1658 2730 οὐ
1686 2659 1771 2730 σύ
1801 2659 2007 2730 τῶνδ’
2041 2668 2234 2748 ἔφυς.

298 2769 417 2829 ΑΙ.
527 2773 692 2832 εἴπω
719 2793 816 2851 τι,
847 2767 1118 2851 τέκνον,
1146 2772 1263 2835 σοί
1282 2791 1353 2833 τε
1380 2765 1494 2834 καὶ
1522 2762 1711 2833 πόλει
1740 2763 1983 2844 καλόν;

300 2869 443 2930 ΘΗ.
528 2861 616 2944 ῶς
644 2865 857 2934 πολλά
885 2862 951 2953 γ’
983 2868 1121 2934 ἐστὶ
1145 2863 1320 2936 κάπὸ
1350 2872 1649 2955 θηλειῶν
1673 2864 1873 2954 σοφά.

298 2973 418 3033 ΑΙ.
527 2962 674 3034 ἀλλ’
714 2973 807 3045 εἰς
835 2963 1043 3036 ὄκνον
1067 2996 1179 3056 μοι
1206 2975 1429 3057 μῦθος
1458 2964 1541 3038 ὃν
1568 2964 1802 3036 κεύθω
1832 2969 2069 3058 φέρει.ο
2212 2983 2315 3040 29⁵

299 3073 444 3135 ΘΗ.
528 3067 801 3156 αἰσχρόν
828 3064 897 3157 γ’
932 3072 1185 3159 ἔλεξας,
1214 3067 1445 3160 χρήστ’
1480 3077 1605 3160 ἔπη
1640 3071 1957 3161 κρύπτειν
1991 3078 2257 3159 φίλους.

300 3177 416 3237 ΑΙ.
526 3166 712 3238 οὔτοι
741 3169 1042 3241 σιωπῶσ’
1077 3172 1217 3243 εἶτα
1242 3175 1592 3261 μέμψομαί
1610 3198 1771 3242 ποτε

527 3270 649 3359 τὴν
681 3278 815 3341 νῦν
841 3272 1108 3362 σιωπὴν
1135 3271 1222 3353 ῶς
1251 3275 1533 3363 ἐσιγήθη
1561 3282 1803 3358 κακῶς,

524 3367 674 3442 οὐδ’
708 3369 796 3455 ῶς
826 3371 1095 3464 άχρεῑον
1121 3372 1236 3454 τὰς
1263 3393 1587 3462 γυναῖκας
1617 3369 1695 3444 εὖ
1721 3379 1944 3464 λέγειν

522 3470 779 3541 δείσασ’
809 3471 1049 3562 ἀφήσω
1075 3481 1167 3567 τῷ
1196 3475 1392 3567 φόβῳ
1421 3474 1674 3564 τούμὸν
1702 3477 1927 3546 καλόν.
2203 3494 2307 3548 ³00
