2492 3900
1888 5 1905 34 a

383 93 509 156 294
1113 95 1653 156 HPAKAEIAAI
1968 5 2451 176 η

387 273 524 336 ΧΟ.
567 335 571 340 ,
609 271 708 344 τίς
735 258 820 333 ἀν
848 271 1045 352 δίκην
1073 271 1369 353 κρίνειεν
1396 258 1440 349 ἦ
1464 270 1657 351 γνοίη
1692 264 1919 352 λόγον,

612 367 772 456 πρὶν
801 361 885 435 ἄν
913 365 1073 455 παρ’
1105 363 1359 453 ἀμφοῖν
1385 371 1615 452 μῦθον
1642 367 1903 455 ἐκμάθῃ
1930 375 2200 456 σαφῶς;
2296 387 2382 440 180

391 475 504 535 10.
613 464 809 555 ἄναξ,
839 464 1123 556 ὑπάρχει
1149 466 1275 554 μὲν
1305 464 1453 536 τόδ’
1487 470 1561 536 ἐν
1589 474 1670 556 τῇ
1699 474 1783 557 σῇ
1808 476 2029 554 χθονί,

619 576 831 639 εἰπεῖν
859 566 1151 638 ἀκοῦσαί
1173 565 1232 637 τ’
1264 571 1338 637 ἐν
1364 570 1551 659 μέρει
1578 568 1863 656 πάρεστί
1881 597 2018 657 μοι,

615 667 883 751 κούδείς
909 671 982 757 μ’
1027 669 1280 739 ἀπώσει
1308 669 1613 756 πρόσθεν
1642 667 1864 758 ὥσπερ
1893 667 2204 744 ἄλλοθεν.

614 769 773 859 ἡμῖν
803 771 879 840 δὲ
906 774 1019 840 καὶ
1046 770 1206 863 τῷδ’
1244 769 1452 841 οὐδέν
1478 774 1659 842 ἐστιν
1687 774 1762 841 ἐν
1789 775 1967 864 μέσῳ
1984 796 1998 808 ·

617 876 759 942 ε’πεὶ
787 871 1215 964 γὰρ”Αργους
1243 869 1325 942 οὐ
1350 870 1627 958 μέτεσθ’
1656 870 1818 960 ἡμῖν
1848 881 1964 960 ἔτι,
2294 893 2377 946 185

613 975 818 1067 ψήφῳ
851 981 1178 1063 δοκῆσαν,
1208 971 1377 1043 ἀλλὰ
1405 975 1747 1062 φεύγομεν
1775 975 2055 1064 πάτραν,

615 1085 752 1158 πῶς
781 1073 866 1146 ἂν
893 1083 1167 1158 δικαίως
1195 1073 1284 1158 ὥς
1310 1083 1757 1164 Μυκηναίους
1784 1073 1937 1164 ἄγοι

615 1175 950 1260 (ὅδ’ὅντας
975 1175 1178 1268 ἡμᾶς,
1209 1173 1330 1258 οὓς
1360 1175 1709 1265 ἀπήλασαν
1743 1178 2027 1266 χθονός;

613 1283 788 1362 ξένοι
815 1281 942 1371 γάρ
971 1285 1188 1368 ἐσμεν.
1218 1276 1264 1368 ἦ
1290 1277 1409 1348 τὸν
1432 1275 1767 1367 Ἑλλήνων
1795 1275 1959 1368 ὅρον

614 1382 896 1468 φεύγειν
924 1384 1268 1453 δικαιοῦθ’
1290 1377 1469 1460 ὅστις
1496 1376 1581 1450 ἀν
1606 1378 1847 1470 τᾶργος
1876 1382 2095 1470 φύγῃς
2292 1400 2378 1454 190

616 1477 872 1552 οὔκουν
895 1481 1186 1571 Ἀθήνας
1213 1481 1305 1572 γ’·
1352 1479 1435 1552 οὐ
1467 1481 1595 1571 γὰρ
1618 1481 1937 1572 Ἀργείων
1964 1483 2161 1576 φόβῳ

617 1582 772 1664 τούς
794 1580 1224 1676 Ἡρακλείους
1251 1591 1491 1664 παῖδας
1518 1587 1785 1666 ἐξελῶσι
1813 1593 1951 1673 γῆς.

613 1682 695 1753 οὐ
728 1687 854 1776 γάρ
887 1715 950 1755 τι
987 1695 1227 1777 Τραχίς
1255 1692 1436 1756 ἐστιν
1464 1682 1616 1755 οὐδ’
1651 1684 1986 1774 Ἀχαιικόν

611 1784 906 1875 πόλισμ’,
935 1784 1104 1858 ὅθεν
1131 1786 1218 1858 σύ
1245 1789 1487 1859 τούσδε
1512 1795 1594 1878 τῇ
1622 1794 1779 1878 δίκῃ
1804 1788 1927 1876 μὲν
1952 1786 2056 1876 οὔ,
2448 1811 2451 1902 ι

608 1888 683 1959 τὸ
713 1887 782 1960 δ’
803 1887 1047 1983 ’Ἀργος
1073 1888 1331 1979 ὀγκῶν,
1362 1885 1595 1981 οἷάπερ
1624 1893 1737 1960 καὶ
1763 1897 1897 1973 νῦν
1921 1893 2161 1980 λέγεις,
2290 1909 2370 1963 195
2447 1960 2448 1963 ,

609 1989 896 2082 ἤλαυνες
927 1997 1142 2074 ἱκέτας
1168 2000 1465 2083 βωμίους
1492 1995 1935 2082 καθημένους.
2446 1976 2449 2047 p

611 2100 675 2163 εἰ
699 2092 826 2183 γὰρ
854 2094 995 2164 τόδ’
1029 2103 1209 2165 ἔσται
1238 2097 1352 2163 καὶ
1377 2094 1619 2184 λόγους
1645 2100 1969 2184 κρανοῦσι
1997 2096 2182 2183 σούς,
2444 2074 2447 2191 J

611 2192 694 2263 οὐ
726 2194 895 2282 φήμ’
926 2194 1214 2285 Ἀθήνας
1241 2193 1433 2266 τάσδ’
1465 2199 1828 2285 ἐλευθέρας
1856 2203 1971 2265 ἔτι.

609 2292 755 2363 ἀλλ’
789 2293 919 2365 οἷδ’
955 2296 1085 2385 ἐγώ
1114 2297 1188 2367 τὸ
1218 2304 1434 2367 τῶνδε
1462 2306 1634 2386 λῆμα
1662 2300 1773 2367 καὶ
1804 2297 2048 2384 φύσιν·

606 2393 933 2484 θνήσκειν
959 2397 1349 2487 θελήσουσ’·
1395 2396 1437 2488 ἡ
1471 2398 1598 2490 γάρ
1629 2398 1909 2487 αἰσχύνη
1937 2399 2150 2489 πάρος
2280 2417 2368 2468 200

605 2506 725 2569 τοῦ
752 2507 870 2589 ζῆν
897 2498 1057 2591 παρ’
1095 2504 1363 2581 ἐσθλοῖς
1390 2498 1715 2589 ἀνδράσιν
1742 2508 2088 2588 νομίζεται.

607 2600 805 2674 πόλιν
834 2603 958 2691 μὲν
989 2602 1208 2693 ἀρκεῖ·
1240 2605 1352 2673 καὶ
1380 2599 1508 2693 γὰρ
1538 2592 1667 2671 οὖν
1694 2607 2077 2691 ἐπίφθονον

605 2711 758 2772 λίαν
785 2708 1085 2774 ἐπαινεῖν
1112 2709 1283 2790 ἐστι,
1312 2704 1628 2785 πολλάκις
1655 2705 1731 2775 δὲ
1760 2702 1843 2791 δὴ

604 2801 848 2885 καύτὸς
876 2808 1247 2894 βαρυνθεὶς
1278 2804 1410 2875 οἷδ’
1444 2804 1617 2895 α”γαν
1644 2806 2071 2894 αἰνούμενος·

602 2908 708 2975 σοὶ
741 2903 809 2974 δ’
843 2903 931 2988 ὡς
959 2903 1216 2996 ἀνάγκη
1242 2908 1488 2978 τούσδε
1515 2908 1841 2997 βούλομαι
1870 2906 2124 2995 φράσαι
2279 2922 2361 2975 205

601 3008 869 3096 σώζειν,
902 3014 1171 3101 ἐπείπερ
1201 3016 1403 3100 τῆσδε
1433 3026 1821 3101 προστατεϊς
1846 3008 2117 3097 χθονός,

599 3110 900 3193 Πιτθεὺς
927 3116 1052 3201 μέν
1080 3115 1217 3182 ἐστι
1244 3115 1550 3191 Πέλοπος
1568 3164 1586 3199 ,
1619 3116 1691 3180 ἐκ
1721 3112 1796 3180 δὲ
1820 3110 2131 3191 Πιτθέως

601 3223 865 3301 Αἴθρα,
896 3214 1110 3303 πατὴρ
1143 3212 1209 3282 δ’
1241 3218 1316 3284 ἐκ
1344 3219 1545 3301 τῆσδε
1573 3220 1888 3301 γεννᾶται
1914 3212 2124 3279 σε’θεν

602 3315 880 3401 Θησεύς.
915 3316 1118 3383 πάλιν
1149 3316 1224 3385 δὲ
1253 3312 1457 3385 τῶνδ’
1490 3312 1721 3402 ἅνειμί
1745 3337 1854 3385 σοι·
1877 3313 2087 3401 γένος.

587 3418 944 3502 Ἠρακλέης
971 3408 1060 3502 ἦν
1085 3414 1301 3502 Ζηνὸς
1325 3413 1693 3502 Ἀλκμήνης
1719 3442 1790 3484 τε
1820 3430 1993 3496 παῖς,
2276 3430 2355 3483 210
