2492 3900
215 322 340 383 ΔΙ.

214 524 361 585 ΠΕ.

216 626 339 687 ΔΙ.

216 828 363 891 ΠΕ.

219 1034 340 1094 ΔΙ.

217 1234 362 1295 ΠΕ.

216 1439 340 1499 ΔΙ.

218 1642 364 1703 ΠΕ.

217 1846 338 1907 ΔΙ.

216 2049 362 2112 ΠΕ.

217 2255 338 2315 ΔΙ.

217 2459 361 2519 ΠΕ.

219 2663 342 2723 ΔΙ.

218 2865 362 2927 ΠΕ.

221 3070 337 3130 ΔΙ.

219 3273 360 3335 ΠΕ.

220 3479 339 3539 ΔΙ.

1074 146 1395 204 ΒΑΚΧΑΙ
1746 206 1765 219 ,
2106 142 2217 211 121

447 308 585 383 ἀλλ’
615 311 829 383 αὐτὸν
855 310 1063 401 ἡμεῖς,
1093 308 1192 393 οἷς
1219 335 1295 382 σε
1324 316 1734 404 θεραπεύειν
1761 319 1967 404 μέλει,

448 415 652 485 πάλιν
677 421 1242 502 καταστελοῦμεν·
1284 412 1420 484 ἀλλ’
1457 412 1675 505 ὄρθου
1700 418 1891 506 κάρα.

449 516 635 603 ἰδού,
667 514 755 586 σὺ
784 516 1016 605 κόσμει
1035 539 1048 553 ·
1085 520 1192 585 σοὶ
1218 515 1348 605 γὰρ
1378 514 1835 605 ἀνακείμεσθα
1863 520 1967 607 δή.

449 626 660 702 ζῶναί
681 622 756 687 τέ
777 640 885 687 σοι
910 625 1162 706 χαλῶσι
1191 616 1358 705 κούχ
1387 621 1533 708 ἑξῆς
1564 623 1838 690 πέπλων
2124 640 2225 693 935

448 726 750 801 στολίδες
778 716 912 789 ὑπὸ
940 735 1265 809 σφυροῖσι
1299 728 1644 791 τείνουσιν
1668 726 1894 791 σέθεν.

449 820 651 911 κάμοὶ
680 828 956 891 δοκοῦσι
985 822 1166 911 παρά
1193 850 1271 910 γε
1300 821 1523 905 δεξιὸν
1551 823 1759 893 πόδα·

449 921 783 999 τάνθένδε
816 921 884 992 δ’
922 921 1150 1013 ὀρθῶς
1179 923 1362 1013 παρὰ
1388 922 1634 994 τένοντ’
1668 932 1800 1011 ἔχει
1832 929 2095 1007 πέπλος.

448 1016 492 1113 ἦ
521 1025 655 1095 πού
682 1052 763 1113 με
792 1032 928 1094 τῶν
954 1031 1097 1095 σῶν
1122 1032 1393 1115 πρῶτον
1418 1022 1652 1114 ἡγήσει
1683 1035 1923 1115 φίλων,

449 1124 614 1197 ὅταν
639 1125 820 1217 παρὰ
852 1126 1057 1214 λόγον
1086 1126 1446 1217 σώφρονας
1474 1128 1736 1215 Βάκχας
1766 1134 1948 1219 ῖδης;
2125 1147 2228 1200 940

444 1228 693 1319 πότερα
720 1228 796 1298 δὲ
823 1228 1092 1317 θύρσον
1130 1232 1315 1320 δεξιᾷ
1340 1228 1570 1319 λαβὼν
1595 1232 1740 1319 χερὶ

449 1325 496 1417 ἦ
526 1337 707 1420 τῇδε,
735 1330 963 1420 Βάκχη
994 1336 1252 1417 μᾶλλον
1281 1328 1802 1419 εἰκασθήσομαι;

448 1435 522 1500 ἐν
551 1435 735 1524 δεξιᾷ
765 1431 892 1521 χρὴ
922 1428 1098 1520 χᾶμα
1126 1437 1325 1523 δεξιῷ
1362 1435 1520 1501 ποδὶ

449 1543 670 1623 αἴρειν
696 1556 841 1603 νιν·
881 1540 1052 1603 αἰνῶ
1085 1530 1156 1603 δ’
1189 1530 1292 1603 ὅτι
1324 1536 1738 1623 μεθέστηκας
1767 1543 2060 1622 φρενῶν.

445 1626 544 1725 ἆρ’
573 1631 658 1705 ἂν
685 1642 1023 1724 δυναίμην
1051 1634 1167 1716 τὰς
1195 1643 1629 1724 Κιθαιρῶνος
1656 1634 1908 1723 πτυχὰς
2124 1654 2226 1708 945

451 1734 718 1807 αὐταῖσι
749 1738 1038 1825 Βάκχαις
1062 1751 1202 1818 τοῖς
1229 1741 1411 1826 ἐμοῖς
1440 1734 1644 1826 ὤμοις
1674 1741 1944 1827 φέρειν;

448 1837 662 1909 δύναι’
696 1836 802 1928 ἄν,
835 1847 899 1909 εί
930 1839 1240 1927 βούλοιο·
1281 1840 1396 1921 τὰς
1424 1840 1500 1909 δὲ
1528 1842 1691 1927 πρὶν
1720 1843 1971 1927 φρένας

451 1938 578 2011 ούκ
607 1941 775 2030 εἶχες
803 1938 1050 2030 ὑγιεῖς,
1079 1948 1213 2011 νῦν
1241 1939 1305 2010 δ’
1342 1948 1509 2031 ἔχεις
1535 1946 1677 2021 οἵας
1703 1964 1777 2011 σε
1807 1946 1929 2010 δεῖ.

445 2043 736 2132 μοχλούς
766 2047 1078 2133 φέρωμεν
1103 2038 1150 2132 ἦ
1173 2059 1403 2132 χεροῖν
1430 2039 1793 2112 ἀνασπάσω

447 2161 782 2234 κορυφαῖς
809 2143 1175 2233 ὑποβαλών
1203 2136 1391 2233 ὦμον
1414 2140 1463 2232 ἢ
1489 2152 1815 2235 βραχίονα
1838 2177 1855 2228 ;
2121 2163 2226 2215 950

448 2245 538 2336 μὴ
566 2248 653 2318 σύ
680 2277 758 2336 γε
789 2247 871 2316 τὰ
895 2253 1218 2335 Νυμφῶν
1247 2248 1554 2336 διολέσῃς
1582 2247 1913 2336 ἱδρύματα

448 2353 562 2419 καὶ
587 2348 818 2432 Πανὸς
843 2353 1075 2440 ἕδρας,
1113 2347 1253 2418 ἔνθ’
1290 2357 1423 2436 ἔχει
1450 2357 1844 2438 συρίγματα.

443 2458 662 2532 καλῶς
689 2454 940 2534 ἔλεξας·
980 2447 1064 2520 ού
1090 2453 1326 2520 σθένει
1354 2454 1664 2538 νικητέον

453 2568 808 2642 γυναῖκας,
838 2553 1176 2623 ἐλάταισιν
1204 2551 1270 2622 δ’
1306 2550 1469 2640 ἐμὸν
1496 2552 1736 2640 κρύψω
1767 2554 1988 2639 δέμας.

452 2654 698 2744 κρύψει
727 2654 814 2724 σὺ
841 2655 1096 2745 κρύψιν
1122 2651 1210 2742 ἦν
1239 2675 1317 2723 σε
1347 2661 1747 2742 κρυφθῆναι
1772 2652 1989 2742 χρεων
2126 2669 2227 2723 955

451 2757 736 2827 ἐλθόντα
769 2757 999 2827 δόλιον
1031 2755 1414 2826 Μαινάδων
1450 2755 1890 2825 κατάσκοπον.

449 2860 564 2928 καὶ
588 2858 724 2946 μὴν
756 2865 936 2929 δοκῶ
965 2865 1142 2946 σφᾶς
1169 2862 1244 2927 ἐν
1276 2858 1549 2946 λόχμαις
1577 2854 1861 2948 ὄρνιθας
1890 2851 1980 2936 <5¹9

455 2962 751 3050 λέκτρων
779 2969 1050 3048 ἔχεσθαι
1079 2960 1421 3047 φιλτάτοις
1448 2963 1523 3029 έν
1554 2962 1838 3049 ἕρκεσιν.

447 3057 704 3132 οὔκουν
731 3060 823 3132 ἐπ’
855 3060 1023 3131 αὐτὸ
1054 3059 1225 3131 τοῦτ’
1259 3059 1645 3132 ἀποστέλλει
1676 3062 1923 3149 φύλαξ;

447 3165 645 3252 λήψει
674 3161 739 3233 δ’
776 3175 936 3245 ἴσως
963 3171 1172 3254 σφᾶς,
1203 3159 1292 3252 ἦν
1320 3161 1405 3233 σύ
1436 3162 1525 3251 μὴ
1555 3170 1827 3253 ληφθῇς
1854 3162 2080 3253 πάρος.
2126 3177 2227 3232 960

443 3267 667 3354 κόμιζε
696 3265 811 3336 διὰ
837 3269 1040 3355 μέσης
1067 3294 1148 3355 με
1179 3274 1477 3354 Θηβαίας
1509 3265 1794 3346 πόλεως·

448 3368 653 3456 μόνος
679 3369 808 3457 γάρ
841 3365 959 3456 εἰμ’
995 3366 1224 3438 αὐτῶν
1257 3367 1430 3458 ἀνὴρ
1457 3374 1724 3456 τολμῶν
1750 3367 1924 3436 τόδε.

446 3470 653 3558 μόνος
684 3469 770 3539 σύ
803 3471 1061 3550 πόλεως
1088 3468 1279 3557 τῆσδ’
1312 3466 1793 3558 ὑπερκάμνεις,
1824 3467 2058 3555 μόνος·
