2492 3900
1035 173 1342 231 EAENH
2059 171 2181 232 193

399 333 595 423 οὗτος
623 345 989 430 τέθνηκεν,
1020 330 1215 420 οὗτος
1244 336 1457 408 οὐκέτ’
1492 348 1628 410 ἔστι
1659 341 1764 427 δή.

397 445 611 532 μήτηρ
644 440 709 512 δ’
748 441 992 530 ὄλωλε,
1024 443 1137 510 καὶ
1166 440 1419 528 φονεὺς
1447 438 1653 530 αὐτῆς
1680 443 1832 530 ἐγω,
2077 464 2177 511 ῡεευ

398 544 647 626 ἀδίκως
673 547 818 632 μέν,
849 542 1015 614 ἀλλὰ
1044 539 1322 612 τᾶδικον
1351 541 1522 612 τοῦτ’
1557 540 1680 613 ἔστ’
1715 544 1901 631 ἐμόν·

400 645 439 716 ὃ
468 644 530 716 δ’
568 645 900 735 ἀγλάισμα
930 645 1259 733 δωμάτων
1286 647 1451 733 ἐμοῦ
1481 641 1531 713 τ’
1564 652 1730 733 ἔφυ,

403 750 709 837 θυγάτηρ
738 746 1071 837 ἄνανδρος
1099 744 1298 815 πολιὰ
1327 747 1821 835 παρθενεύεται
1839 770 1852 785 ·

397 849 488 919 τῶ
517 857 640 919 τοῦ
667 849 835 930 Διὸς
862 851 937 920 δὲ
968 850 1305 937 λεγομένω
1334 848 1685 938 Διοσκόρω

396 948 524 1021 οὐκ
553 952 762 1021 ἐστόν.
808 951 976 1021 ἀλλὰ
1004 946 1188 1022 πάντ’
1223 956 1467 1038 ἔχουσα
1496 957 1792 1039 δυστυχῆ
2077 968 2177 1020 Ἒῇει

400 1069 539 1133 τοῖς
565 1053 947 1143 πράγμασιν
974 1055 1304 1139 τέθνηκα,
1337 1068 1473 1133 τοῖς
1500 1049 1566 1123 δ’
1602 1061 1897 1142 ἔργοισι-ν
1925 1052 2025 1120 οὔ.

393 1154 470 1224 τὸ
499 1153 563 1224 δ’
598 1162 875 1244 ἔσχατον
901 1151 1099 1242 τοῦτ’,
1132 1161 1195 1224 εί
1216 1154 1538 1243 μόλοιμεν
1568 1163 1660 1236 εἰς
1689 1154 1965 1243 πάτρανἼ

394 1257 717 1346 κλῄθροις
750 1252 836 1324 ἂν
882 1254 1165 1347 εἴργοιέυ
1197 1281 1314 1349 με,
1379 1255 1501 1344 τὴν
1529 1252 1638 1326 ὑπ’
1664 1254 1832 1347 Ἰλίῳ
1881 1308 1889 1320 .

398 1363 760 1440 δοκοῦντες
779 1357 1052 1446 Ἑλένην
1080 1360 1403 1427 Μενέλεω
1445 1367 1676 1446 μολεῖν
1708 1357 1885 1446 μέτα.

397 1467 461 1528 εί
484 1461 608 1548 μὲν
643 1461 773 1550 γὰρ
803 1469 909 1548 ἔζη
939 1460 1151 1546 πόσις,
1181 1456 1712 1549 ἀνεγνώσθημεν
1741 1454 1826 1527 ἂν
2073 1476 2173 1528 :Hm

400 1568 491 1643 είς
518 1560 783 1650 ξύμβολ’
818 1559 1087 1632 ἐλθόνθ’
1121 1557 1164 1631 ἃ
1192 1559 1422 1650 φανέρ’
1458 1556 1542 1630 ἂν
1567 1561 1798 1650 μόνοις
1826 1555 1909 1628 ἂν
1945 1552 2041 1644 ἦν

394 1671 528 1732 νῦν
557 1662 622 1732 δ’
658 1661 812 1735 οὔτε
840 1659 1012 1734 τοῦτ’
1046 1661 1168 1733 ἔστ’
1202 1660 1360 1732 οὔτε
1388 1661 1478 1751 μὴ
1508 1669 1701 1752 σωθῇ
1730 1690 1909 1732 ποτε,

395 1772 466 1834 τί
488 1762 633 1853 δῆτ’
666 1774 761 1836 ἔτι
790 1774 877 1849 ζῶ
894 1798 910 1850 ;
941 1763 1061 1835 τίν’
1097 1763 1542 1853 ὑπολείπομαι
1569 1765 1813 1853 τύχην;

399 1865 649 1956 γάμους
677 1870 955 1959 ἑλομένη
984 1873 1119 1937 τῶν
1151 1875 1378 1937 κακῶν
1405 1865 1814 1954 ὑπαλλαγάς,

392 1968 523 2057 μετ’
556 1967 801 2061 ἀνδρὸς
834 1979 1046 2041 οἰκεῖν
1064 1970 1415 2059 βαρβάρου
1442 1968 1610 2059 πρὸς
1638 1976 1969 2037 πλουσίαν
2069 1984 2173 2040 295

397 2073 723 2162 τράπεζαν
754 2069 986 2158 ἵζουσ’;
1027 2069 1161 2142 ἀλλ’
1195 2069 1358 2142 ὅταν
1387 2070 1579 2152 πόσις
1607 2069 1842 2160 πικρὸς

395 2176 562 2264 ξυνῇ
590 2184 897 2263 γυναικί,
927 2176 1039 2244 καὶ
1067 2172 1139 2244 τὸ
1173 2181 1316 2243 σῶν
1345 2177 1526 2244 ἐστιν
1557 2172 1822 2262 πικρόν.

392 2287 636 2346 θανεῖν
667 2278 1022 2367 κράτιστον
1040 2299 1055 2315 ·
1098 2283 1239 2357 πῶς
1266 2273 1532 2365 θάνοιμ’
1568 2271 1654 2345 ἂν
1684 2266 1810 2345 οὖν
1838 2285 2049 2353 καλῶς
2077 2309 2089 2349 ς

392 2376 757 2467 ἀσχήμονες
784 2379 908 2468 μὲν
934 2375 1212 2467 ἀγχόναι
1239 2380 1602 2468 μετάρσιοι,

394 2476 521 2549 κάν
550 2495 719 2550 τοῖσι
749 2480 1015 2562 δούλοις
1046 2481 1423 2568 δυσπρεπὲς
1460 2487 1823 2567 νομίζεται·
2069 2497 2169 2545 :flul

393 2585 645 2671 σφαγαὶ
674 2580 738 2652 δ’
775 2590 1041 2671 ἔχουσιν
1071 2579 1342 2670 εὐγενές
1368 2608 1431 2650 τι
1461 2584 1573 2649 καὶ
1600 2580 1831 2665 καλόν,

279 2679 295 2688 ’
394 2683 667 2773 σμικρὸς
694 2682 759 2755 δ’
791 2681 827 2754 ὁ
856 2682 1085 2774 καιρὸς
1116 2681 1295 2771 κρᾶτ’
1329 2680 1698 2765 ἀπαλλάξαι
1728 2688 1901 2769 βίου.

162 3095 301 3157 XO.

147 3298 293 3361 ΕΛ.

143 3401 297 3463 XO.

394 2792 486 2865 εἰς
511 2783 638 2874 γὰρ
668 2793 987 2856 τοσοῦτον
1013 2782 1317 2873 ἤλθομεν
1341 2784 1556 2873 βάθος
1583 2791 1812 2853 κακῶν
1829 2805 1844 2819 ·

390 2892 466 2954 αί
485 2886 609 2974 μὲν
637 2887 765 2977 γὰρ
798 2885 994 2957 ἄλλαι
1025 2886 1140 2957 διὰ
1171 2886 1245 2957 τὸ
1274 2887 1516 2968 κάλλος
1552 2884 1851 2974 εὐτυχεῖς

388 3004 733 3076 γυναῖκες,
765 2986 935 3078 ἡμᾶς
964 2988 1029 3060 δ’
1063 2986 1227 3060 αὐτὸ
1261 2986 1431 3059 τοῦτ’
1452 2987 1828 3059 ἀπώλεσεν.
2069 3005 2165 3057 3η]

378 3085 637 3178 Ἑλένη,
668 3089 787 3160 τὸν
818 3089 1116 3179 ἐλθόνθ’,
1147 3088 1328 3172 ὅστις
1357 3094 1537 3160 ἐστὶν
1566 3088 1600 3159 ὁ
1630 3094 1834 3176 ξένος,

388 3190 478 3279 μὴ
508 3190 693 3261 πάντ’
726 3189 949 3281 άληθῆ
978 3194 1261 3285 δοξάσῃς
1283 3196 1640 3281 εἰρηκέναι.

378 3294 492 3362 καὶ
523 3292 658 3382 μὴν
686 3301 918 3382 σαφῶς
944 3293 1105 3373 ἔλεξ’
1158 3294 1486 3366 ὀλωλέναι
1521 3302 1740 3367 πόσιν.

379 3392 563 3463 πόλλ’
606 3391 692 3464 ἄν
711 3400 971 3483 γένοιτο
1001 3398 1113 3465 καὶ
1145 3398 1257 3466 διὰ
1285 3402 1564 3477 ψευδῶν
1595 3404 1740 3483 ἔπη.

145 3502 291 3565 ΕΛ.
373 3499 487 3566 καὶ
513 3494 850 3585 τᾶμπαλίν
878 3526 955 3587 γε
981 3495 1183 3569 τῶνδ’
1218 3495 1510 3587 ἀληθείᾳ
1533 3501 1742 3586 σαφῆ.
2065 3513 2165 3565 affl

234 3614 418 3660 evam.
440 3599 563 3656 vot..
600 3601 639 3656 Ι.
1752 3593 1828 3656 13
