2492 3900
772 575 1468 645 ΥΠΟΘΕΣΙΣ.

319 884 578 972 Θησεὺς
603 884 728 973 μὲν
755 878 842 975 ἦν
867 895 1134 975 Αἴθρας
1161 886 1276 954 καὶ
1301 889 1746 970 Ποσειδῶνος,
1776 882 2089 973 βασιλεὺς

163 986 240 1055 δὲ
265 983 646 1073 Ἀθηναίων
661 998 676 1021 ⁵
717 988 931 1075 γήμας
959 987 1036 1056 δὲ
1059 993 1223 1075 μίαν
1248 992 1386 1055 τῶν
1405 982 1849 1073 Ἀμαζονίδων
1868 981 2089 1053 Ἱππο-

163 1086 406 1176 λύτην,
425 1085 818 1157 Ἱππόλυτον
845 1091 1162 1177 ἐγέννησε
1187 1086 1418 1156 κάλλει
1444 1113 1516 1156 τε
1543 1088 1655 1155 καὶ
1682 1084 2089 1175 σωφροσύνῃ

162 1190 592 1277 διαφέροντα.
659 1192 803 1259 ἐπεὶ
830 1191 906 1260 δὲ
931 1186 973 1277 ἡ
1000 1195 1412 1259 συνοικοῦσα
1441 1186 1561 1257 τὸν
1587 1194 1741 1278 βίον
1766 1187 2091 1275 μετήλλα-

161 1293 274 1371 ξεν
290 1343 309 1377 ,
339 1291 806 1380 ἐπεισηγάγετο
833 1288 1180 1382 Κρητικὴν
1203 1304 1527 1379 γυναῖκα,
1569 1287 1693 1379 τὴν
1718 1296 1923 1359 Μίνω
1964 1296 2087 1357 τοῦ
2116 1308 2146 1360 5

161 1398 451 1479 Κρητῶν
488 1396 813 1480 βασιλέως
848 1396 1194 1481 θυγατέρα
1232 1396 1561 1481 Φαίδραν.
1631 1386 1667 1460 ὁ
1711 1391 1786 1460 δὲ
1830 1389 2089 1478 Θησεὺς

160 1493 522 1563 Πάλλαντα
576 1497 696 1564 ἕνα
749 1500 885 1563 τῶν
937 1502 1288 1583 συγγενῶν
1336 1493 1674 1582 φονεύσας
1714 1491 1955 1580 φεύγει
1998 1499 2089 1572 είς

171 1602 495 1684 Τροιζῆνα
520 1595 685 1683 μετὰ
712 1602 826 1685 τῆς
853 1596 1204 1685 γυναικός,
1233 1585 1321 1666 οὗ
1346 1596 1702 1682 συνέβαινε
1730 1594 1850 1664 τὸν
1868 1590 2091 1663 Ἱππό-

162 1704 368 1765 λυτον
394 1695 574 1786 παρὰ
597 1706 852 1767 Πιτθεῖ
871 1700 1241 1787 τρέφεσθαι
1258 1720 1274 1735 ·
1303 1697 1687 1784 θεασαμένη
1724 1696 1800 1765 δὲ
1826 1694 1946 1765 τὸν
1973 1722 2089 1764 νε-

160 1802 442 1866 ανίσκον
480 1795 521 1886 ἡ
553 1804 819 1886 Φαίδρα
860 1805 956 1879 είς
992 1801 1365 1886 ἐπιθυμίαν
1392 1794 1721 1882 ὤλισθεν,
1770 1793 1897 1865 οὐκ
1927 1792 2089 1867 ἀκό-
2115 1812 2177 1863 10

160 1907 397 1979 λαστος
436 1890 640 1987 οὖσα,
685 1906 1034 1990 πληροῦσα
1075 1899 1151 1969 δὲ
1169 1896 1567 1990 Ἀφροδίτης
1605 1904 1840 1986 μῆνιν,
1884 1894 1931 1986 ἢ
1974 1895 2093 1966 τὸν

149 1997 542 2071 Ἱππόλυτον
580 1999 694 2071 διὰ
734 1999 1185 2089 σωφροσύνην
1229 1999 1498 2070 ἀνελεῖν
1537 2007 1855 2089 κρίνασα,
1907 2001 2093 2079 τέλος

158 2115 296 2181 τοῖς
323 2113 754 2187 προτεθεῖσιν
783 2109 1008 2190 ἔθηκε.
1082 2103 1412 2190 στέγουσα
1443 2102 1520 2171 δὲ
1549 2100 1673 2190 τὴν
1698 2100 1907 2171 νόσον
1930 2100 2089 2190 χρό-

157 2229 256 2293 νω
298 2201 465 2292 πρὸς
502 2203 628 2292 τὴν
663 2202 922 2293 τροφὸν
951 2210 1248 2293 δηλῶσαι
1285 2201 1716 2292 ἠναγκάσθη,
1760 2228 2093 2289 κατεπαγ-

157 2305 560 2392 γειλαμένην
587 2302 758 2395 αὐτῇ
797 2305 1200 2394 βοηθήσειν·
1257 2301 1399 2394 ἥτις
1427 2302 1595 2375 κατὰ
1620 2303 1744 2394 τὴν
1771 2311 2093 2394 προαίρε-
2111 2319 2175 2373 15

158 2424 271 2471 σιν
314 2402 557 2492 λόγους
596 2407 1013 2496 προσήνεγκε
1045 2414 1140 2498 τῷ
1166 2413 1523 2499 νεανίσκω.
1590 2404 2093 2494 τραχυνόμενον

157 2505 234 2572 δὲ
276 2501 486 2575 αὐτὸν
531 2504 573 2595 ἡ
608 2513 875 2598 Φαίδρα
912 2514 1395 2596 καταμαθοῦσα
1422 2513 1502 2598 τῇ
1532 2506 1656 2594 μὲν
1683 2513 1911 2598 τροφῷ
1939 2508 2093 2576 ἐπέ-

157 2609 441 2693 πληξεν,
485 2605 701 2697 αὐτὴν
740 2609 816 2678 δὲ
855 2606 1204 2700 ἀνήρτησε.
1272 2605 1436 2677 καθ’
1481 2603 1563 2677 ὃν
1590 2606 1829 2696 καιρὸν
1856 2609 2093 2695 φανεὶς

159 2705 422 2793 Θησεὺς
461 2711 574 2778 καὶ
609 2718 930 2780 καθελεῖν
971 2710 1288 2780 σπεύδων
1327 2707 1451 2797 τὴν
1487 2705 2090 2798 ἄπηγχονισμένην,

159 2797 364 2894 εὗρεν
390 2807 561 2900 αὐτῇ
589 2813 1141 2901 προσηρτημένην
1168 2813 1436 2899 δέλτον,
1466 2808 1564 2880 δι’
1598 2801 1676 2900 ἦς
1698 2809 2089 2881 Ἱππολύτου
2106 2824 2177 2878 20

158 2907 440 2997 φθορὰν
470 2912 826 3000 κατηγόρει
853 2915 968 2982 καὶ
995 2913 1381 3002 ἐπιβουλήν.
1452 2913 1811 2994 πιστεύσας
1856 2914 1932 2983 δὲ
1957 2928 2092 2994 τοῖς

125 3015 640 3116 ,γεγραμμένοις
691 3011 811 3082 τὸν
863 3014 988 3102 μὲν
1018 3011 1411 3085 Ἱππόλυτον
1464 3016 1732 3098 ἐπέταξε
1784 3015 2089 3104 φεύγειν,

156 3108 360 3191 αὐτὸς
400 3114 476 3183 δὲ
516 3121 607 3206 τῷ
631 3120 1015 3185 Ποσειδῶνι
1057 3114 1222 3206 ἀρὰς
1252 3123 1480 3203 ἔθετο,
1525 3105 1622 3184 ὦν
1648 3117 2025 3196 ἐπακούσας
2053 3113 2088 3184 ὁ

157 3211 319 3292 θεὸς
345 3213 465 3282 τὸν
485 3211 877 3286 Ἱππόλυτον
904 3220 1318 3307 διέφθειρεν.
1370 3214 1681 3307 ’Ἄρτεμις
1708 3219 1784 3288 δὲ
1812 3225 1948 3288 τῶν
1973 3244 2090 3305 γε-

154 3315 545 3402 γενημένων
573 3320 853 3388 ἕκαστον
879 3320 1348 3408 διασαφήσασα
1364 3328 1600 3409 Θησεῖ,
1628 3317 1753 3408 τὴν
1779 3319 1903 3407 μὲν
1917 3325 2090 3388 Φαί-
2104 3334 2169 3388 25

154 3418 328 3499 ὃραν
359 3413 442 3487 ού
471 3422 965 3508 κατεμέμψατο,
1006 3428 1248 3491 τοῦτον
1278 3421 1353 3490 δὲ
1378 3421 1899 3511 παρεμυθήσατο
1928 3425 2089 3490 υίοῦ
