<?xml version="1.0" encoding="UTF-8"?>
<!DOCTYPE html PUBLIC "-//W3C//DTD XHTML 1.0 Transitional//EN"
    "http://www.w3.org/TR/xhtml1/DTD/xhtml1-transitional.dtd">
<html xmlns="http://www.w3.org/1999/xhtml" xml:lang="en" lang="en">
 <head>
  <title>
</title>
<meta http-equiv="Content-Type" content="text/html;charset=utf-8" />
  <meta name='ocr-system' content='tesseract 3.04.00' />
  <meta name='ocr-capabilities' content='ocr_page ocr_carea ocr_par ocr_line ocrx_word'/>
</head>
<body>
  <div class='ocr_page' id='page_1' title='image "./evripidistragoe03eurigoog/evripidistragoe03eurigoog_0011.png"; bbox 0 0 2492 3900; ppageno 0'>
   <div class='ocr_carea' id='block_1_1' title="bbox 405 449 1960 529">
    <p class='ocr_par' dir='ltr' id='par_1_1' title="bbox 405 449 1960 529">
     <span class='ocr_line' id='line_1_1' title="bbox 405 449 1960 529; baseline 0.001 -1"><span class='ocrx_word' id='word_1_1' title='bbox 405 451 761 529; x_wconf 84' lang='grc' dir='ltr'><strong><em>ΓΕΝΟΣ</em></strong></span> <span class='ocrx_word' id='word_1_2' title='bbox 817 450 1391 528; x_wconf 75' lang='grc' dir='ltr'>ΕΥΡΙΠΙΔΟΥ</span> <span class='ocrx_word' id='word_1_3' title='bbox 1440 449 1630 526; x_wconf 85' lang='grc' dir='ltr'><strong><em>ΚΑΙ</em></strong></span> <span class='ocrx_word' id='word_1_4' title='bbox 1694 452 1960 529; x_wconf 90' lang='grc' dir='ltr'><strong><em>ΒΙΟΣ.</em></strong></span> 
     </span>
    </p>
   </div>
   <div class='ocr_carea' id='block_1_2' title="bbox 182 618 2255 2305">
    <p class='ocr_par' dir='ltr' id='par_1_2' title="bbox 182 618 2249 1631">
     <span class='ocr_line' id='line_1_2' title="bbox 313 618 2166 702; baseline 0.001 -20"><span class='ocrx_word' id='word_1_5' title='bbox 313 618 652 702; x_wconf 77' lang='grc' dir='ltr'><strong><em>Εὐριπίδης</em></strong></span> <span class='ocrx_word' id='word_1_6' title='bbox 683 619 716 682; x_wconf 83' lang='grc' dir='ltr'><em>ὃ</em></span> <span class='ocrx_word' id='word_1_7' title='bbox 739 620 986 700; x_wconf 83' lang='grc' dir='ltr'><strong><em>ποιητὴς</em></strong></span> <span class='ocrx_word' id='word_1_8' title='bbox 1017 620 1146 694; x_wconf 78' lang='grc' dir='ltr'><strong><em>υίὸς</em></strong></span> <span class='ocrx_word' id='word_1_9' title='bbox 1178 619 1406 701; x_wconf 73' lang='grc' dir='ltr'><strong><em>ἐγένετο</em></strong></span> <span class='ocrx_word' id='word_1_10' title='bbox 1429 622 1868 701; x_wconf 80' lang='grc' dir='ltr'><strong><em>Μνησαρχίδου</em></strong></span> <span class='ocrx_word' id='word_1_11' title='bbox 1890 623 2166 701; x_wconf 83' lang='grc' dir='ltr'><strong><em>καπήλου</em></strong></span> 
     </span>
     <span class='ocr_line' id='line_1_3' title="bbox 184 703 2168 786; baseline 0 -18"><span class='ocrx_word' id='word_1_12' title='bbox 184 707 286 768; x_wconf 78' lang='grc' dir='ltr'><strong><em>καὶ</em></strong></span> <span class='ocrx_word' id='word_1_13' title='bbox 322 711 608 780; x_wconf 79' lang='grc' dir='ltr'><strong><em>Κλειτοῦς</em></strong></span> <span class='ocrx_word' id='word_1_14' title='bbox 637 705 1135 784; x_wconf 78' lang='grc' dir='ltr'><strong><em>λαχανοπώλιδος,</em></strong></span> <span class='ocrx_word' id='word_1_15' title='bbox 1159 703 1481 784; x_wconf 84' lang='grc' dir='ltr'><strong><em>Ἀθηναῖος</em></strong></span> <span class='ocrx_word' id='word_1_16' title='bbox 1510 703 1639 784; x_wconf 82' lang='grc' dir='ltr'><strong><em>μέν,</em></strong></span> <span class='ocrx_word' id='word_1_17' title='bbox 1672 704 1975 786; x_wconf 73' lang='grc' dir='ltr'><strong><em>ἐγεννήθη</em></strong></span> <span class='ocrx_word' id='word_1_18' title='bbox 2005 706 2071 768; x_wconf 83' lang='grc' dir='ltr'><strong><em>δὲ</em></strong></span> <span class='ocrx_word' id='word_1_19' title='bbox 2103 707 2168 768; x_wconf 82' lang='grc' dir='ltr'><strong><em>ἕν</em></strong></span> 
     </span>
     <span class='ocr_line' id='line_1_4' title="bbox 183 789 2167 870; baseline 0 -18"><span class='ocrx_word' id='word_1_20' title='bbox 183 797 492 870; x_wconf 83' lang='grc' dir='ltr'><strong><em>Σαλαμῖνι</em></strong></span> <span class='ocrx_word' id='word_1_21' title='bbox 521 789 614 852; x_wconf 75' lang='grc' dir='ltr'><strong><em>ἐπὶ</em></strong></span> <span class='ocrx_word' id='word_1_22' title='bbox 640 790 900 851; x_wconf 83' lang='grc' dir='ltr'><strong><em>Καλλίου</em></strong></span> <span class='ocrx_word' id='word_1_23' title='bbox 928 789 1210 870; x_wconf 70' lang='grc' dir='ltr'><strong><em>ἄρχοντος</em></strong></span> <span class='ocrx_word' id='word_1_24' title='bbox 1240 789 1390 852; x_wconf 81' lang='grc' dir='ltr'><strong><em>κατὰ</em></strong></span> <span class='ocrx_word' id='word_1_25' title='bbox 1412 789 1523 869; x_wconf 85' lang='grc' dir='ltr'><strong><em>τὴν</em></strong></span> <span class='ocrx_word' id='word_1_26' title='bbox 1552 789 1995 870; x_wconf 81' lang='grc' dir='ltr'><strong><em>ἑβδομηκοστὴν</em></strong></span> <span class='ocrx_word' id='word_1_27' title='bbox 2022 790 2167 870; x_wconf 87' lang='grc' dir='ltr'><strong><em>πέμ-</em></strong></span> 
     </span>
     <span class='ocr_line' id='line_1_5' title="bbox 182 872 2167 955; baseline 0.001 -19"><span class='ocrx_word' id='word_1_28' title='bbox 182 898 345 955; x_wconf 88' lang='grc' dir='ltr'><strong><em>πτην</em></strong></span> <span class='ocrx_word' id='word_1_29' title='bbox 375 872 787 954; x_wconf 81' lang='grc' dir='ltr'><strong><em>ὀλυμπιάδα,’”</em></strong></span> <span class='ocrx_word' id='word_1_30' title='bbox 763 874 861 936; x_wconf 85' lang='grc' dir='ltr'><strong><em>ότε</em></strong></span> <span class='ocrx_word' id='word_1_31' title='bbox 893 873 1318 954; x_wconf 74' lang='grc' dir='ltr'><strong><em>ἐναυμάχησαν</em></strong></span> <span class='ocrx_word' id='word_1_32' title='bbox 1346 881 1466 947; x_wconf 86' lang='grc' dir='ltr'><strong><em>τοῖς</em></strong></span> <span class='ocrx_word' id='word_1_33' title='bbox 1499 873 1763 954; x_wconf 82' lang='grc' dir='ltr'><strong><em>Πέρσαις</em></strong></span> <span class='ocrx_word' id='word_1_34' title='bbox 1793 877 1854 936; x_wconf 79' lang='grc' dir='ltr'><strong><em>οἱ</em></strong></span> <span class='ocrx_word' id='word_1_35' title='bbox 1859 874 2167 954; x_wconf 52' lang='grc' dir='ltr'><strong><em>’Έλληνες-</em></strong></span> 
     </span>
     <span class='ocr_line' id='line_1_6' title="bbox 183 955 2219 1062; baseline 0.001 -42"><span class='ocrx_word' id='word_1_36' title='bbox 183 961 418 1040; x_wconf 73' lang='grc' dir='ltr'><strong><em>ἤσκησε</em></strong></span> <span class='ocrx_word' id='word_1_37' title='bbox 447 957 513 1020; x_wconf 81' lang='grc' dir='ltr'><strong><em>δὲ</em></strong></span> <span class='ocrx_word' id='word_1_38' title='bbox 543 955 674 1020; x_wconf 88' lang='grc' dir='ltr'><strong><em>κατ’</em></strong></span> <span class='ocrx_word' id='word_1_39' title='bbox 707 957 890 1040; x_wconf 74' lang='grc' dir='ltr'><strong><em>αρχᾶς</em></strong></span> <span class='ocrx_word' id='word_1_40' title='bbox 917 956 1030 1038; x_wconf 78' lang='grc' dir='ltr'><strong><em>μὲν</em></strong></span> <span class='ocrx_word' id='word_1_41' title='bbox 1055 958 1421 1040; x_wconf 85' lang='grc' dir='ltr'><strong><em>παγκράτιον</em></strong></span> <span class='ocrx_word' id='word_1_42' title='bbox 1448 955 1490 1038; x_wconf 73' lang='grc' dir='ltr'><strong><em>ἦ</em></strong></span> <span class='ocrx_word' id='word_1_43' title='bbox 1517 959 1781 1062; x_wconf 80' lang='grc' dir='ltr'><strong><em>πυγμήν,</em></strong></span> <span class='ocrx_word' id='word_1_44' title='bbox 1814 969 1923 1024; x_wconf 93' lang='grc' dir='ltr'><strong><em>του</em></strong></span> <span class='ocrx_word' id='word_1_45' title='bbox 1950 960 2219 1038; x_wconf 78' lang='grc' dir='ltr'><strong><em>πατρὸςὸ</em></strong></span> 
     </span>
     <span class='ocr_line' id='line_1_7' title="bbox 183 1039 2168 1150; baseline -0.001 -45"><span class='ocrx_word' id='word_1_46' title='bbox 183 1042 382 1106; x_wconf 77' lang='grc' dir='ltr'><strong><em>αὐτοῦ</em></strong></span> <span class='ocrx_word' id='word_1_47' title='bbox 410 1041 681 1150; x_wconf 83' lang='grc' dir='ltr'><strong><em>χρησμὸν</em></strong></span> <span class='ocrx_word' id='word_1_48' title='bbox 701 1041 1044 1123; x_wconf 77' lang='grc' dir='ltr'><strong><em>λαβόντος”</em></strong></span> <span class='ocrx_word' id='word_1_49' title='bbox 1009 1065 1099 1104; x_wconf 89' lang='grc' dir='ltr'><strong><em>οτι</em></strong></span> <span class='ocrx_word' id='word_1_50' title='bbox 1132 1039 1691 1123; x_wconf 84' lang='grc' dir='ltr'><strong><em>στεφανηφόρους’</em></strong></span> <span class='ocrx_word' id='word_1_51' title='bbox 1654 1052 1892 1124; x_wconf 77' lang='grc' dir='ltr'><strong><em>αγῶνας</em></strong></span> <span class='ocrx_word' id='word_1_52' title='bbox 1921 1043 2168 1122; x_wconf 81' lang='grc' dir='ltr'><strong><em>νικήσει.</em></strong></span> 
     </span>
     <span class='ocr_line' id='line_1_8' title="bbox 185 1125 2169 1223; baseline 0.001 -35"><span class='ocrx_word' id='word_1_53' title='bbox 185 1129 286 1189; x_wconf 82' lang='grc' dir='ltr'><strong><em>καὶ</em></strong></span> <span class='ocrx_word' id='word_1_54' title='bbox 321 1127 514 1223; x_wconf 84' lang='grc' dir='ltr'><strong><em>φασὶν</em></strong></span> <span class='ocrx_word' id='word_1_55' title='bbox 543 1125 730 1188; x_wconf 81' lang='grc' dir='ltr'><strong><em>αυτὸν</em></strong></span> <span class='ocrx_word' id='word_1_56' title='bbox 751 1125 1050 1206; x_wconf 82' lang='grc' dir='ltr'><strong><em>Ἀθήνησι</em></strong></span> <span class='ocrx_word' id='word_1_57' title='bbox 1079 1137 1337 1207; x_wconf 78' lang='grc' dir='ltr'><strong><em>νικῆσαι.</em></strong></span> <span class='ocrx_word' id='word_1_58' title='bbox 1396 1125 1697 1207; x_wconf 76' lang='grc' dir='ltr'><strong><em>ἀναγνοὺς</em></strong></span> <span class='ocrx_word' id='word_1_59' title='bbox 1726 1125 1853 1188; x_wconf 73' lang='grc' dir='ltr'><strong><em>δὲ’</em></strong></span> <span class='ocrx_word' id='word_1_60' title='bbox 1825 1128 1919 1189; x_wconf 86' lang='grc' dir='ltr'><strong><em>επι</em></strong></span> <span class='ocrx_word' id='word_1_61' title='bbox 1949 1151 2169 1211; x_wconf 79' lang='grc' dir='ltr'><strong><em>τραγῳ-</em></strong></span> 
     </span>
     <span class='ocr_line' id='line_1_9' title="bbox 186 1204 2170 1319; baseline -0.001 -45"><span class='ocrx_word' id='word_1_62' title='bbox 186 1214 332 1274; x_wconf 85' lang='grc' dir='ltr'><strong><em>δίαν</em></strong></span> <span class='ocrx_word' id='word_1_63' title='bbox 364 1204 616 1314; x_wconf 75' lang='grc' dir='ltr'><strong><em>ἐτράπη,</em></strong></span> <span class='ocrx_word' id='word_1_64' title='bbox 657 1210 760 1273; x_wconf 83' lang='grc' dir='ltr'><strong><em>καὶ</em></strong></span> <span class='ocrx_word' id='word_1_65' title='bbox 785 1211 970 1272; x_wconf 82' lang='grc' dir='ltr'><strong><em>πολλὰ</em></strong></span> <span class='ocrx_word' id='word_1_66' title='bbox 1010 1215 1393 1318; x_wconf 79' lang='grc' dir='ltr'><strong><em>προσεξεῦρε,</em></strong></span> <span class='ocrx_word' id='word_1_67' title='bbox 1434 1211 1758 1292; x_wconf 77' lang='grc' dir='ltr'><strong><em>προλόγους</em></strong></span> <span class='ocrx_word' id='word_1_68' title='bbox 1780 1213 2170 1319; x_wconf 86' lang='grc' dir='ltr'><strong><em>φυσιολογίας</em></strong></span> 
     </span>
     <span class='ocr_line' id='line_1_10' title="bbox 188 1291 2170 1378; baseline -0.001 -20"><span class='ocrx_word' id='word_1_69' title='bbox 188 1297 501 1378; x_wconf 75' lang='grc' dir='ltr'><strong><em>ῥητορείας</em></strong></span> <span class='ocrx_word' id='word_1_70' title='bbox 530 1293 1053 1376; x_wconf 82' lang='grc' dir='ltr'><strong><em>άναγνωρισμούς,</em></strong></span> <span class='ocrx_word' id='word_1_71' title='bbox 1096 1293 1178 1369; x_wconf 78' lang='grc' dir='ltr'><strong><em>ὥς</em></strong></span> <span class='ocrx_word' id='word_1_72' title='bbox 1217 1295 1295 1376; x_wconf 85' lang='grc' dir='ltr'><strong><em>δὴ</em></strong></span> <span class='ocrx_word' id='word_1_73' title='bbox 1334 1293 1630 1376; x_wconf 75' lang='grc' dir='ltr'><strong><em>ἀκουστὴς</em></strong></span> <span class='ocrx_word' id='word_1_74' title='bbox 1660 1291 1969 1376; x_wconf 84' lang='grc' dir='ltr'><strong><em>γενόμενος</em></strong></span> <span class='ocrx_word' id='word_1_75' title='bbox 1995 1293 2170 1358; x_wconf 90' lang='grc' dir='ltr'><strong><em>Ἀνα-</em></strong></span> 
     </span>
     <span class='ocr_line' id='line_1_11' title="bbox 188 1379 2249 1484; baseline 0 -42"><span class='ocrx_word' id='word_1_76' title='bbox 188 1382 450 1463; x_wconf 80' lang='grc' dir='ltr'><strong><em>ξαγόρου</em></strong></span> <span class='ocrx_word' id='word_1_77' title='bbox 480 1380 580 1442; x_wconf 86' lang='grc' dir='ltr'><strong><em>και</em></strong></span> <span class='ocrx_word' id='word_1_78' title='bbox 601 1381 906 1484; x_wconf 81' lang='grc' dir='ltr'><strong><em>Προδίκου</em></strong></span> <span class='ocrx_word' id='word_1_79' title='bbox 929 1380 1030 1441; x_wconf 76' lang='grc' dir='ltr'><strong><em>καὶ</em></strong></span> <span class='ocrx_word' id='word_1_80' title='bbox 1054 1381 1481 1462; x_wconf 76' lang='grc' dir='ltr'><strong><em>Πρωταγόρου,</em></strong></span> <span class='ocrx_word' id='word_1_81' title='bbox 1510 1379 1611 1442; x_wconf 84' lang='grc' dir='ltr'><strong><em>καὶ</em></strong></span> <span class='ocrx_word' id='word_1_82' title='bbox 1634 1383 1991 1462; x_wconf 83' lang='grc' dir='ltr'><strong><em>Σωκράτους</em></strong></span> <span class='ocrx_word' id='word_1_83' title='bbox 2021 1379 2173 1442; x_wconf 77' lang='grc' dir='ltr'><strong><em>ἕταῖ-</em></strong></span> <span class='ocrx_word' id='word_1_84' title='bbox 2202 1398 2249 1436; x_wconf 87' lang='lat'><strong><em>10</em></strong></span> 
     </span>
     <span class='ocr_line' id='line_1_12' title="bbox 187 1460 2173 1546; baseline -0.001 -19"><span class='ocrx_word' id='word_1_85' title='bbox 187 1489 308 1546; x_wconf 87' lang='grc' dir='ltr'><strong><em>ρος.</em></strong></span> <span class='ocrx_word' id='word_1_86' title='bbox 374 1466 544 1526; x_wconf 79' lang='grc' dir='ltr'><strong><em>δοκεῖ</em></strong></span> <span class='ocrx_word' id='word_1_87' title='bbox 567 1461 634 1525; x_wconf 78' lang='grc' dir='ltr'><strong><em>δὲ</em></strong></span> <span class='ocrx_word' id='word_1_88' title='bbox 662 1460 828 1526; x_wconf 71' lang='grc' dir='ltr'><strong><em>αὐτῶ</em></strong></span> <span class='ocrx_word' id='word_1_89' title='bbox 866 1463 969 1525; x_wconf 84' lang='grc' dir='ltr'><strong><em>καὶ</em></strong></span> <span class='ocrx_word' id='word_1_90' title='bbox 997 1465 1323 1545; x_wconf 80' lang='grc' dir='ltr'><strong><em>Σωκράτης</em></strong></span> <span class='ocrx_word' id='word_1_91' title='bbox 1366 1462 1398 1525; x_wconf 83' lang='grc' dir='ltr'>ὁ</span> <span class='ocrx_word' id='word_1_92' title='bbox 1428 1465 1753 1544; x_wconf 83' lang='grc' dir='ltr'><strong><em>φιλόσοφος</em></strong></span> <span class='ocrx_word' id='word_1_93' title='bbox 1793 1465 1895 1528; x_wconf 91' lang='grc' dir='ltr'><strong><em>και</em></strong></span> <span class='ocrx_word' id='word_1_94' title='bbox 1925 1468 2173 1545; x_wconf 89' lang='grc' dir='ltr'><strong><em>Μνησί-</em></strong></span> 
     </span>
     <span class='ocr_line' id='line_1_13' title="bbox 185 1527 1828 1631; baseline -0.001 -19"><span class='ocrx_word' id='word_1_95' title='bbox 185 1557 360 1631; x_wconf 87' lang='grc' dir='ltr'><strong><em>λοχος</em></strong></span> <span class='ocrx_word' id='word_1_96' title='bbox 393 1527 901 1628; x_wconf 84' lang='grc' dir='ltr'><strong><em>συμπεποιηκεναι</em></strong></span> <span class='ocrx_word' id='word_1_97' title='bbox 930 1549 1085 1628; x_wconf 87' lang='grc' dir='ltr'><strong><em>τινά,</em></strong></span> <span class='ocrx_word' id='word_1_98' title='bbox 1115 1573 1197 1622; x_wconf 87' lang='grc' dir='ltr'><strong><em>ως</em></strong></span> <span class='ocrx_word' id='word_1_99' title='bbox 1229 1548 1379 1628; x_wconf 83' lang='grc' dir='ltr'><strong><em>φησὶ</em></strong></span> <span class='ocrx_word' id='word_1_100' title='bbox 1413 1551 1828 1628; x_wconf 79' lang='grc' dir='ltr'><strong><em>Τηλεκλείδης·</em></strong></span> 
     </span>
    </p>

    <p class='ocr_par' dir='ltr' id='par_1_3' title="bbox 365 1631 1900 1740">
     <span class='ocr_line' id='line_1_14' title="bbox 365 1631 1900 1740; baseline 0.001 -46"><span class='ocrx_word' id='word_1_101' title='bbox 365 1633 752 1712; x_wconf 87' lang='grc' dir='ltr'><strong><em>Μνησίλοχος</em></strong></span> <span class='ocrx_word' id='word_1_102' title='bbox 783 1631 843 1693; x_wconf 88' lang='grc' dir='ltr'><strong><em>δ’</em></strong></span> <span class='ocrx_word' id='word_1_103' title='bbox 878 1632 1101 1706; x_wconf 75' lang='grc' dir='ltr'><strong><em>ἐκεῖνος</em></strong></span> <span class='ocrx_word' id='word_1_104' title='bbox 1132 1633 1349 1715; x_wconf 85' lang='grc' dir='ltr'><strong><em>φρύγει</em></strong></span> <span class='ocrx_word' id='word_1_105' title='bbox 1377 1657 1431 1694; x_wconf 90' lang='grc' dir='ltr'><strong><em>τι</em></strong></span> <span class='ocrx_word' id='word_1_106' title='bbox 1461 1635 1673 1740; x_wconf 89' lang='grc' dir='ltr'><strong><em>δραμα</em></strong></span> <span class='ocrx_word' id='word_1_107' title='bbox 1687 1633 1900 1695; x_wconf 85' lang='grc' dir='ltr'><strong><em>καινὸν</em></strong></span> 
     </span>
    </p>

    <p class='ocr_par' dir='ltr' id='par_1_4' title="bbox 189 1715 2255 2305">
     <span class='ocr_line' id='line_1_15' title="bbox 363 1715 2020 1824; baseline 0 -46"><span class='ocrx_word' id='word_1_108' title='bbox 363 1716 732 1823; x_wconf 74' lang='grc' dir='ltr'><strong><em>Εὐριπίδου,</em></strong></span> <span class='ocrx_word' id='word_1_109' title='bbox 757 1741 858 1779; x_wconf 85' lang='grc' dir='ltr'><strong><em>και</em></strong></span> <span class='ocrx_word' id='word_1_110' title='bbox 885 1715 1209 1824; x_wconf 77' lang='grc' dir='ltr'><strong><em>Σωκράτης</em></strong></span> <span class='ocrx_word' id='word_1_111' title='bbox 1241 1742 1313 1779; x_wconf 88' lang='grc' dir='ltr'><strong><em>τα</em></strong></span> <span class='ocrx_word' id='word_1_112' title='bbox 1342 1715 1604 1799; x_wconf 84' lang='grc' dir='ltr'><strong><em>φρύγαν’</em></strong></span> <span class='ocrx_word' id='word_1_113' title='bbox 1636 1715 2020 1797; x_wconf 76' lang='grc' dir='ltr'><strong><em>ὑποτίθησιν.</em></strong></span> 
     </span>
     <span class='ocr_line' id='line_1_16' title="bbox 190 1798 2251 1907; baseline -0.001 -43"><span class='ocrx_word' id='word_1_114' title='bbox 190 1806 246 1864; x_wconf 85' lang='grc' dir='ltr'><strong><em>οι</em></strong></span> <span class='ocrx_word' id='word_1_115' title='bbox 278 1801 348 1864; x_wconf 81' lang='grc' dir='ltr'><strong><em>δὲ</em></strong></span> <span class='ocrx_word' id='word_1_116' title='bbox 381 1825 452 1862; x_wconf 90' lang='grc' dir='ltr'><strong><em>τα</em></strong></span> <span class='ocrx_word' id='word_1_117' title='bbox 483 1799 628 1882; x_wconf 79' lang='grc' dir='ltr'><strong><em>μέλη</em></strong></span> <span class='ocrx_word' id='word_1_118' title='bbox 655 1798 820 1907; x_wconf 84' lang='grc' dir='ltr'><strong><em>αύτω</em></strong></span> <span class='ocrx_word' id='word_1_119' title='bbox 847 1801 1038 1880; x_wconf 83' lang='grc' dir='ltr'><strong><em>φασὶν</em></strong></span> <span class='ocrx_word' id='word_1_120' title='bbox 1056 1798 1346 1880; x_wconf 83' lang='grc' dir='ltr'><strong><em>Ἰοφωντα</em></strong></span> <span class='ocrx_word' id='word_1_121' title='bbox 1374 1809 1569 1864; x_wconf 82' lang='grc' dir='ltr'><strong><em>ποιεῖν</em></strong></span> <span class='ocrx_word' id='word_1_122' title='bbox 1595 1799 1637 1882; x_wconf 78' lang='grc' dir='ltr'><strong><em>ἢ</em></strong></span> <span class='ocrx_word' id='word_1_123' title='bbox 1669 1799 2173 1882; x_wconf 83' lang='grc' dir='ltr'><strong><em>ΤιμοκράτηνἈρ-</em></strong></span> <span class='ocrx_word' id='word_1_124' title='bbox 2204 1817 2251 1856; x_wconf 85' lang='lat'><strong><em>15</em></strong></span> 
     </span>
     <span class='ocr_line' id='line_1_17' title="bbox 190 1863 2177 1989; baseline -0.001 -41"><span class='ocrx_word' id='word_1_125' title='bbox 190 1895 376 1967; x_wconf 86' lang='grc' dir='ltr'><strong><em>γεῖον.</em></strong></span> <span class='ocrx_word' id='word_1_126' title='bbox 433 1885 583 1964; x_wconf 79' lang='grc' dir='ltr'><strong><em>φασὶ</em></strong></span> <span class='ocrx_word' id='word_1_127' title='bbox 610 1883 680 1947; x_wconf 77' lang='grc' dir='ltr'><strong><em>δὲ</em></strong></span> <span class='ocrx_word' id='word_1_128' title='bbox 707 1863 894 1948; x_wconf 81' lang='grc' dir='ltr'><strong><em>αύτὸν</em></strong></span> <span class='ocrx_word' id='word_1_129' title='bbox 921 1886 1022 1948; x_wconf 83' lang='grc' dir='ltr'><strong><em>καὶ</em></strong></span> <span class='ocrx_word' id='word_1_130' title='bbox 1052 1886 1365 1969; x_wconf 80' lang='grc' dir='ltr'><strong><em>ζωγράφον</em></strong></span> <span class='ocrx_word' id='word_1_131' title='bbox 1384 1885 1669 1989; x_wconf 81' lang='grc' dir='ltr'><strong><em>γενέσθαι</em></strong></span> <span class='ocrx_word' id='word_1_132' title='bbox 1698 1885 1799 1946; x_wconf 82' lang='grc' dir='ltr'><strong><em>καὶ</em></strong></span> <span class='ocrx_word' id='word_1_133' title='bbox 1818 1888 2177 1947; x_wconf 81' lang='grc' dir='ltr'><strong><em>δείκνυσθαι</em></strong></span> 
     </span>
     <span class='ocr_line' id='line_1_18' title="bbox 191 1967 2177 2079; baseline 0 -46"><span class='ocrx_word' id='word_1_134' title='bbox 191 1970 390 2033; x_wconf 77' lang='grc' dir='ltr'><strong><em>αὐτοῦ’</em></strong></span> <span class='ocrx_word' id='word_1_135' title='bbox 420 1970 666 2032; x_wconf 84' lang='grc' dir='ltr'><strong><em>πινάκια</em></strong></span> <span class='ocrx_word' id='word_1_136' title='bbox 696 1968 764 2033; x_wconf 80' lang='grc' dir='ltr'><strong><em>ἒν</em></strong></span> <span class='ocrx_word' id='word_1_137' title='bbox 793 1972 1126 2079; x_wconf 89' lang='grc' dir='ltr'><strong><em>Μεγάροις·</em></strong></span> <span class='ocrx_word' id='word_1_138' title='bbox 1169 1969 1455 2052; x_wconf 77' lang='grc' dir='ltr'><strong><em>γενέσθαι</em></strong></span> <span class='ocrx_word' id='word_1_139' title='bbox 1485 1968 1553 2032; x_wconf 76' lang='grc' dir='ltr'><strong><em>δὲ</em></strong></span> <span class='ocrx_word' id='word_1_140' title='bbox 1592 1967 1781 2031; x_wconf 75' lang='grc' dir='ltr'><strong><em>αὐτὸν</em></strong></span> <span class='ocrx_word' id='word_1_141' title='bbox 1811 1971 1912 2031; x_wconf 84' lang='grc' dir='ltr'><strong><em>καὶ</em></strong></span> <span class='ocrx_word' id='word_1_142' title='bbox 1940 1972 2177 2075; x_wconf 83' lang='grc' dir='ltr'><strong><em>πυρφό-</em></strong></span> 
     </span>
     <span class='ocr_line' id='line_1_19' title="bbox 191 2052 2179 2161; baseline 0 -44"><span class='ocrx_word' id='word_1_143' title='bbox 191 2080 306 2161; x_wconf 80' lang='grc' dir='ltr'><strong><em>ρον</em></strong></span> <span class='ocrx_word' id='word_1_144' title='bbox 353 2063 468 2116; x_wconf 78' lang='grc' dir='ltr'><strong><em>τοῦ</em></strong></span> <span class='ocrx_word' id='word_1_145' title='bbox 503 2054 862 2161; x_wconf 60' lang='grc' dir='ltr'><strong><em>ζωστηρίου</em></strong></span> <span class='ocrx_word' id='word_1_146' title='bbox 908 2053 1305 2129; x_wconf 87' lang='grc' dir='ltr'><strong><em>Ἀπόλλωνος·</em></strong></span> <span class='ocrx_word' id='word_1_147' title='bbox 1358 2060 1733 2136; x_wconf 76' lang='grc' dir='ltr'><strong><em>γεννηθῆναι</em></strong></span> <span class='ocrx_word' id='word_1_148' title='bbox 1783 2052 1851 2115; x_wconf 78' lang='grc' dir='ltr'><strong><em>δὲ</em></strong></span> <span class='ocrx_word' id='word_1_149' title='bbox 1898 2065 1971 2139; x_wconf 80' lang='grc' dir='ltr'><strong><em>τῇ</em></strong></span> <span class='ocrx_word' id='word_1_150' title='bbox 2022 2052 2179 2139; x_wconf 80' lang='grc' dir='ltr'><strong><em>αὐτῇ</em></strong></span> 
     </span>
     <span class='ocr_line' id='line_1_20' title="bbox 190 2134 2176 2225; baseline 0.001 -25"><span class='ocrx_word' id='word_1_151' title='bbox 190 2138 390 2222; x_wconf 83' lang='grc' dir='ltr'><strong><em>ἡμέρα</em></strong></span> <span class='ocrx_word' id='word_1_152' title='bbox 421 2136 520 2199; x_wconf 84' lang='grc' dir='ltr'><strong><em>καὶ</em></strong></span> <span class='ocrx_word' id='word_1_153' title='bbox 543 2138 922 2219; x_wconf 79' lang='grc' dir='ltr'><strong><em>Ἑλλάνικον,</em></strong></span> <span class='ocrx_word' id='word_1_154' title='bbox 965 2134 1102 2201; x_wconf 79' lang='grc' dir='ltr'><strong><em>ἔν</em></strong></span> <span class='ocrx_word' id='word_1_155' title='bbox 1059 2166 1097 2225; x_wconf 81' lang='grc' dir='ltr'>ῃ</span> <span class='ocrx_word' id='word_1_156' title='bbox 1130 2139 1345 2201; x_wconf 76' lang='grc' dir='ltr'><strong><em>ἐνίκων</em></strong></span> <span class='ocrx_word' id='word_1_157' title='bbox 1371 2138 1483 2219; x_wconf 83' lang='grc' dir='ltr'><strong><em>τὴν</em></strong></span> <span class='ocrx_word' id='word_1_158' title='bbox 1521 2139 1655 2220; x_wconf 83' lang='grc' dir='ltr'><strong><em>περὶ</em></strong></span> <span class='ocrx_word' id='word_1_159' title='bbox 1682 2144 1997 2220; x_wconf 80' lang='grc' dir='ltr'><strong><em>Σαλαμῖνα</em></strong></span> <span class='ocrx_word' id='word_1_160' title='bbox 2030 2164 2176 2201; x_wconf 90' lang='grc' dir='ltr'><strong><em>ναυ-</em></strong></span> 
     </span>
     <span class='ocr_line' id='line_1_21' title="bbox 189 2202 2255 2305; baseline 0 -21"><span class='ocrx_word' id='word_1_161' title='bbox 189 2226 424 2303; x_wconf 87' lang='grc' dir='ltr'><strong><em>μαχίαν</em></strong></span> <span class='ocrx_word' id='word_1_162' title='bbox 475 2224 536 2285; x_wconf 78' lang='grc' dir='ltr'><strong><em>οἱ</em></strong></span> <span class='ocrx_word' id='word_1_163' title='bbox 567 2222 884 2303; x_wconf 50' lang='grc' dir='ltr'><strong><em>’Ἕλληνες</em></strong></span> <span class='ocrx_word' id='word_1_164' title='bbox 943 2202 1246 2303; x_wconf 70' lang='grc' dir='ltr'><strong><em>ἄρξασθαι</em></strong></span> <span class='ocrx_word' id='word_1_165' title='bbox 1298 2222 1364 2285; x_wconf 80' lang='grc' dir='ltr'><strong><em>δὲ</em></strong></span> <span class='ocrx_word' id='word_1_166' title='bbox 1413 2220 1812 2305; x_wconf 73' lang='grc' dir='ltr'><strong><em>ἀγωνίζεσθαι</em></strong></span> <span class='ocrx_word' id='word_1_167' title='bbox 1860 2224 2226 2305; x_wconf 78' lang='grc' dir='ltr'><strong><em>γενόμενονι</em></strong></span> <span class='ocrx_word' id='word_1_168' title='bbox 2204 2240 2255 2279; x_wconf 68' lang='grc' dir='ltr'><strong><em>ἳο</em></strong></span> 
     </span>
    </p>
   </div>
   <div class='ocr_carea' id='block_1_3' title="bbox 87 2306 2179 2391">
    <p class='ocr_par' dir='ltr' id='par_1_5' title="bbox 87 2306 2179 2391">
     <span class='ocr_line' id='line_1_22' title="bbox 87 2306 2179 2391; baseline -0 -21"><span class='ocrx_word' id='word_1_169' title='bbox 87 2374 92 2383; x_wconf 66' lang='grc'><strong><em>,</em></strong></span> <span class='ocrx_word' id='word_1_170' title='bbox 193 2308 350 2370; x_wconf 74' lang='grc' dir='ltr'><strong><em>ἐτῶν</em></strong></span> <span class='ocrx_word' id='word_1_171' title='bbox 381 2306 648 2383; x_wconf 81' lang='grc' dir='ltr'><strong><em>εἰκοσιέξ.</em></strong></span> <span class='ocrx_word' id='word_1_172' title='bbox 689 2307 932 2387; x_wconf 83' lang='grc' dir='ltr'><strong><em>μετέστη</em></strong></span> <span class='ocrx_word' id='word_1_173' title='bbox 962 2306 1028 2370; x_wconf 81' lang='grc' dir='ltr'><strong><em>δὲ</em></strong></span> <span class='ocrx_word' id='word_1_174' title='bbox 1051 2308 1118 2370; x_wconf 77' lang='grc' dir='ltr'><strong><em>ἐν</em></strong></span> <span class='ocrx_word' id='word_1_175' title='bbox 1133 2310 1467 2391; x_wconf 87' lang='grc' dir='ltr'><strong><em>Μαγνησία</em></strong></span> <span class='ocrx_word' id='word_1_176' title='bbox 1495 2308 1596 2372; x_wconf 86' lang='grc' dir='ltr'><strong><em>καὶ</em></strong></span> <span class='ocrx_word' id='word_1_177' title='bbox 1615 2310 1893 2391; x_wconf 82' lang='grc' dir='ltr'><strong><em>προξενία</em></strong></span> <span class='ocrx_word' id='word_1_178' title='bbox 1924 2307 2179 2388; x_wconf 81' lang='grc' dir='ltr'><strong><em>ἐτιμήθη</em></strong></span> 
     </span>
    </p>
   </div>
   <div class='ocr_carea' id='block_1_4' title="bbox 157 2370 2263 3483">
    <p class='ocr_par' dir='ltr' id='par_1_6' title="bbox 189 2370 2263 3234">
     <span class='ocr_line' id='line_1_23' title="bbox 189 2370 2178 2499; baseline 0.001 -46"><span class='ocrx_word' id='word_1_179' title='bbox 189 2392 294 2453; x_wconf 81' lang='grc' dir='ltr'><strong><em>καὶ</em></strong></span> <span class='ocrx_word' id='word_1_180' title='bbox 325 2388 580 2453; x_wconf 87' lang='grc' dir='ltr'><strong><em>ατελεία.</em></strong></span> <span class='ocrx_word' id='word_1_181' title='bbox 641 2390 880 2453; x_wconf 80' lang='grc' dir='ltr'><strong><em>ἐκεῖθεν</em></strong></span> <span class='ocrx_word' id='word_1_182' title='bbox 923 2391 992 2453; x_wconf 82' lang='grc' dir='ltr'><strong><em>δὲ</em></strong></span> <span class='ocrx_word' id='word_1_183' title='bbox 1021 2394 1104 2466; x_wconf 85' lang='grc' dir='ltr'><strong><em>είς</em></strong></span> <span class='ocrx_word' id='word_1_184' title='bbox 1136 2394 1533 2453; x_wconf 86' lang='grc' dir='ltr'><strong><em>Μακεδονίαν</em></strong></span> <span class='ocrx_word' id='word_1_185' title='bbox 1573 2392 1706 2473; x_wconf 84' lang='grc' dir='ltr'><strong><em>περὶ</em></strong></span> <span class='ocrx_word' id='word_1_186' title='bbox 1742 2370 2057 2499; x_wconf 80' lang='grc' dir='ltr'><strong><em>Ἀρχέλαον</em></strong></span> <span class='ocrx_word' id='word_1_187' title='bbox 2083 2416 2178 2473; x_wconf 86' lang='grc' dir='ltr'><strong><em>γε-</em></strong></span> 
     </span>
     <span class='ocr_line' id='line_1_24' title="bbox 190 2454 2179 2581; baseline 0.001 -44"><span class='ocrx_word' id='word_1_188' title='bbox 190 2477 455 2555; x_wconf 86' lang='grc' dir='ltr'><strong><em>νόμενος</em></strong></span> <span class='ocrx_word' id='word_1_189' title='bbox 505 2454 769 2556; x_wconf 83' lang='grc' dir='ltr'><strong><em>διέτριψε</em></strong></span> <span class='ocrx_word' id='word_1_190' title='bbox 818 2470 918 2539; x_wconf 81' lang='grc' dir='ltr'><strong><em>καὶ</em></strong></span> <span class='ocrx_word' id='word_1_191' title='bbox 968 2476 1341 2581; x_wconf 80' lang='grc' dir='ltr'><strong><em>χαριζόμενος</em></strong></span> <span class='ocrx_word' id='word_1_192' title='bbox 1392 2473 1554 2559; x_wconf 73' lang='grc' dir='ltr'><strong><em>αύτῷ</em></strong></span> <span class='ocrx_word' id='word_1_193' title='bbox 1602 2478 1799 2557; x_wconf 89' lang='grc' dir='ltr'><strong><em>δραμα</em></strong></span> <span class='ocrx_word' id='word_1_194' title='bbox 1854 2474 2179 2556; x_wconf 81' lang='grc' dir='ltr'><strong><em>ὁμωνύμως</em></strong></span> 
     </span>
     <span class='ocr_line' id='line_1_25' title="bbox 191 2557 2180 2665; baseline -0.001 -43"><span class='ocrx_word' id='word_1_195' title='bbox 191 2562 431 2665; x_wconf 75' lang='grc' dir='ltr'><strong><em>ἔγραψε</em></strong></span> <span class='ocrx_word' id='word_1_196' title='bbox 459 2560 557 2621; x_wconf 77' lang='grc' dir='ltr'><strong><em>καὶ</em></strong></span> <span class='ocrx_word' id='word_1_197' title='bbox 583 2559 740 2639; x_wconf 87' lang='grc' dir='ltr'><strong><em>μάλα</em></strong></span> <span class='ocrx_word' id='word_1_198' title='bbox 771 2558 1011 2641; x_wconf 72' lang='grc' dir='ltr'><strong><em>ἔπραττε</em></strong></span> <span class='ocrx_word' id='word_1_199' title='bbox 1039 2559 1182 2642; x_wconf 82' lang='grc' dir='ltr'><strong><em>παρ’</em></strong></span> <span class='ocrx_word' id='word_1_200' title='bbox 1215 2557 1399 2645; x_wconf 71' lang='grc' dir='ltr'><strong><em>αὐτῷ,</em></strong></span> <span class='ocrx_word' id='word_1_201' title='bbox 1428 2560 1526 2621; x_wconf 87' lang='grc' dir='ltr'><strong><em>ότε</em></strong></span> <span class='ocrx_word' id='word_1_202' title='bbox 1555 2561 1656 2621; x_wconf 81' lang='grc' dir='ltr'><strong><em>καὶ</em></strong></span> <span class='ocrx_word' id='word_1_203' title='bbox 1679 2559 1775 2621; x_wconf 75' lang='grc' dir='ltr'><strong><em>ἐπὶ</em></strong></span> <span class='ocrx_word' id='word_1_204' title='bbox 1803 2570 1925 2619; x_wconf 74' lang='grc' dir='ltr'><strong><em>τῶν</em></strong></span> <span class='ocrx_word' id='word_1_205' title='bbox 1952 2561 2180 2638; x_wconf 80' lang='grc' dir='ltr'><strong><em>διοική-</em></strong></span> 
     </span>
     <span class='ocr_line' id='line_1_26' title="bbox 192 2631 2259 2725; baseline 0 -20"><span class='ocrx_word' id='word_1_206' title='bbox 192 2663 356 2707; x_wconf 86' lang='grc' dir='ltr'><strong><em>σεων</em></strong></span> <span class='ocrx_word' id='word_1_207' title='bbox 388 2640 636 2723; x_wconf 78' lang='grc' dir='ltr'><strong><em>ἐγένετο.</em></strong></span> <span class='ocrx_word' id='word_1_208' title='bbox 698 2642 918 2725; x_wconf 77' lang='grc' dir='ltr'><strong><em>ἐλέγετο</em></strong></span> <span class='ocrx_word' id='word_1_209' title='bbox 947 2644 1014 2705; x_wconf 85' lang='grc' dir='ltr'><strong><em>δὲ</em></strong></span> <span class='ocrx_word' id='word_1_210' title='bbox 1043 2645 1142 2707; x_wconf 88' lang='grc' dir='ltr'><strong><em>και</em></strong></span> <span class='ocrx_word' id='word_1_211' title='bbox 1169 2631 1383 2725; x_wconf 81' lang='grc' dir='ltr'><strong><em>βαθὺν</em></strong></span> <span class='ocrx_word' id='word_1_212' title='bbox 1410 2666 1669 2723; x_wconf 88' lang='grc' dir='ltr'><strong><em>πωγωνα</em></strong></span> <span class='ocrx_word' id='word_1_213' title='bbox 1699 2641 1931 2725; x_wconf 80' lang='grc' dir='ltr'><strong><em>θρέψαι</em></strong></span> <span class='ocrx_word' id='word_1_214' title='bbox 1958 2643 2059 2705; x_wconf 89' lang='grc' dir='ltr'><strong><em>και</em></strong></span> <span class='ocrx_word' id='word_1_215' title='bbox 2088 2643 2183 2707; x_wconf 80' lang='grc' dir='ltr'><strong><em>ἐπὶ</em></strong></span> <span class='ocrx_word' id='word_1_216' title='bbox 2210 2660 2259 2700; x_wconf 79' lang='lat'><strong><em>25</em></strong></span> 
     </span>
     <span class='ocr_line' id='line_1_27' title="bbox 190 2726 2183 2809; baseline -0.001 -18"><span class='ocrx_word' id='word_1_217' title='bbox 190 2739 298 2809; x_wconf 84' lang='grc' dir='ltr'><strong><em>τῆς</em></strong></span> <span class='ocrx_word' id='word_1_218' title='bbox 331 2727 540 2805; x_wconf 81' lang='grc' dir='ltr'><strong><em>ὅψεως</em></strong></span> <span class='ocrx_word' id='word_1_219' title='bbox 571 2728 804 2805; x_wconf 80' lang='grc' dir='ltr'><strong><em>φακοὺς</em></strong></span> <span class='ocrx_word' id='word_1_220' title='bbox 835 2726 1172 2807; x_wconf 79' lang='grc' dir='ltr'><strong><em>ἐσχηκέναι·</em></strong></span> <span class='ocrx_word' id='word_1_221' title='bbox 1201 2736 1461 2809; x_wconf 82' lang='grc' dir='ltr'><strong><em>γυναῖκα</em></strong></span> <span class='ocrx_word' id='word_1_222' title='bbox 1485 2726 1551 2789; x_wconf 78' lang='grc' dir='ltr'><strong><em>δὲ</em></strong></span> <span class='ocrx_word' id='word_1_223' title='bbox 1572 2738 1755 2809; x_wconf 81' lang='grc' dir='ltr'><strong><em>γῆμαι</em></strong></span> <span class='ocrx_word' id='word_1_224' title='bbox 1782 2727 2025 2809; x_wconf 88' lang='grc' dir='ltr'><strong><em>πρωτην</em></strong></span> <span class='ocrx_word' id='word_1_225' title='bbox 2047 2732 2183 2790; x_wconf 92' lang='grc' dir='ltr'><strong><em>Με-</em></strong></span> 
     </span>
     <span class='ocr_line' id='line_1_28' title="bbox 189 2810 2183 2919; baseline 0 -45"><span class='ocrx_word' id='word_1_226' title='bbox 189 2813 362 2891; x_wconf 81' lang='grc' dir='ltr'><strong><em>λιτοό,</em></strong></span> <span class='ocrx_word' id='word_1_227' title='bbox 396 2810 682 2917; x_wconf 83' lang='grc' dir='ltr'><strong><em>δευτέραν</em></strong></span> <span class='ocrx_word' id='word_1_228' title='bbox 708 2810 778 2875; x_wconf 80' lang='grc' dir='ltr'><strong><em>δὲ</em></strong></span> <span class='ocrx_word' id='word_1_229' title='bbox 799 2814 1108 2919; x_wconf 82' lang='grc' dir='ltr'><strong><em>Χοιρίνην.</em></strong></span> <span class='ocrx_word' id='word_1_230' title='bbox 1161 2813 1262 2875; x_wconf 89' lang='grc' dir='ltr'><strong><em>και</em></strong></span> <span class='ocrx_word' id='word_1_231' title='bbox 1292 2812 1463 2887; x_wconf 78' lang='grc' dir='ltr'><strong><em>υἱοὺς</em></strong></span> <span class='ocrx_word' id='word_1_232' title='bbox 1492 2812 1761 2875; x_wconf 79' lang='grc' dir='ltr'><strong><em>κατέλιπε</em></strong></span> <span class='ocrx_word' id='word_1_233' title='bbox 1791 2820 1965 2892; x_wconf 86' lang='grc' dir='ltr'><strong><em>τρεῖς,</em></strong></span> <span class='ocrx_word' id='word_1_234' title='bbox 1999 2816 2183 2892; x_wconf 88' lang='grc' dir='ltr'><strong><em>Μνη-</em></strong></span> 
     </span>
     <span class='ocr_line' id='line_1_29' title="bbox 191 2894 2183 3001; baseline 0 -44"><span class='ocrx_word' id='word_1_235' title='bbox 191 2897 495 2978; x_wconf 83' lang='grc' dir='ltr'><strong><em>σαρχίδην</em></strong></span> <span class='ocrx_word' id='word_1_236' title='bbox 523 2895 634 2975; x_wconf 82' lang='grc' dir='ltr'><strong><em>μὲν</em></strong></span> <span class='ocrx_word' id='word_1_237' title='bbox 659 2906 893 2977; x_wconf 89' lang='grc' dir='ltr'><strong><em>πρωτον</em></strong></span> <span class='ocrx_word' id='word_1_238' title='bbox 921 2897 1194 3001; x_wconf 73' lang='grc' dir='ltr'><strong><em>ἔμπορον,</em></strong></span> <span class='ocrx_word' id='word_1_239' title='bbox 1216 2897 1497 2979; x_wconf 87' lang='grc' dir='ltr'><strong><em>δεύτερον</em></strong></span> <span class='ocrx_word' id='word_1_240' title='bbox 1526 2895 1591 2959; x_wconf 79' lang='grc' dir='ltr'><strong><em>δὲ</em></strong></span> <span class='ocrx_word' id='word_1_241' title='bbox 1614 2898 2005 2999; x_wconf 87' lang='grc' dir='ltr'><strong><em>Μνησίλοχον</em></strong></span> <span class='ocrx_word' id='word_1_242' title='bbox 2032 2894 2183 2959; x_wconf 78' lang='grc' dir='ltr'><strong><em>ὑπο-</em></strong></span> 
     </span>
     <span class='ocr_line' id='line_1_30' title="bbox 191 2976 2185 3086; baseline -0.001 -43"><span class='ocrx_word' id='word_1_243' title='bbox 191 2980 448 3062; x_wconf 80' lang='grc' dir='ltr'><strong><em>κριτήν,</em></strong></span> <span class='ocrx_word' id='word_1_244' title='bbox 481 2980 778 3043; x_wconf 71' lang='grc' dir='ltr'><strong><em>νεώτατον</em></strong></span> <span class='ocrx_word' id='word_1_245' title='bbox 804 2982 872 3043; x_wconf 86' lang='grc' dir='ltr'><strong><em>δὲ</em></strong></span> <span class='ocrx_word' id='word_1_246' title='bbox 901 2978 1275 3086; x_wconf 79' lang='grc' dir='ltr'><strong><em>Εὐριπίδην,</em></strong></span> <span class='ocrx_word' id='word_1_247' title='bbox 1306 2980 1373 3055; x_wconf 78' lang='grc' dir='ltr'><strong><em>ὃς</em></strong></span> <span class='ocrx_word' id='word_1_248' title='bbox 1406 2981 1635 3057; x_wconf 77' lang='grc' dir='ltr'><strong><em>ἐδίδαξε</em></strong></span> <span class='ocrx_word' id='word_1_249' title='bbox 1665 2992 1771 3045; x_wconf 83' lang='grc' dir='ltr'><strong><em>τοῦ</em></strong></span> <span class='ocrx_word' id='word_1_250' title='bbox 1800 2976 2018 3062; x_wconf 81' lang='grc' dir='ltr'><strong><em>πατρὸς</em></strong></span> <span class='ocrx_word' id='word_1_251' title='bbox 2058 2980 2185 3043; x_wconf 76' lang='grc' dir='ltr'><strong><em>ἔνια</em></strong></span> 
     </span>
     <span class='ocr_line' id='line_1_31' title="bbox 192 3062 2263 3169; baseline 0.001 -43"><span class='ocrx_word' id='word_1_252' title='bbox 192 3066 495 3145; x_wconf 84' lang='grc' dir='ltr'><strong><em>δράματα.</em></strong></span> <span class='ocrx_word' id='word_1_253' title='bbox 565 3062 786 3169; x_wconf 75' lang='grc' dir='ltr'><strong><em>ηρξατο</em></strong></span> <span class='ocrx_word' id='word_1_254' title='bbox 824 3062 891 3126; x_wconf 79' lang='grc' dir='ltr'><strong><em>δὲ</em></strong></span> <span class='ocrx_word' id='word_1_255' title='bbox 931 3063 1238 3129; x_wconf 86' lang='grc' dir='ltr'><strong><em>διδάσκειν</em></strong></span> <span class='ocrx_word' id='word_1_256' title='bbox 1276 3065 1372 3129; x_wconf 77' lang='grc' dir='ltr'><strong><em>ἐπὶ</em></strong></span> <span class='ocrx_word' id='word_1_257' title='bbox 1412 3068 1673 3129; x_wconf 89' lang='grc' dir='ltr'><strong><em>Καλλίου</em></strong></span> <span class='ocrx_word' id='word_1_258' title='bbox 1712 3065 1994 3148; x_wconf 66' lang='grc' dir='ltr'><strong><em>ἄρχοντος</em></strong></span> <span class='ocrx_word' id='word_1_259' title='bbox 2035 3088 2183 3126; x_wconf 89' lang='grc' dir='ltr'><strong><em>κατα</em></strong></span> <span class='ocrx_word' id='word_1_260' title='bbox 2212 3087 2263 3128; x_wconf 85' lang='grc' dir='ltr'><strong><em>3ο</em></strong></span> 
     </span>
     <span class='ocr_line' id='line_1_32' title="bbox 191 3146 2182 3259; baseline 0 -48"><span class='ocrx_word' id='word_1_261' title='bbox 191 3148 543 3229; x_wconf 86' lang='grc' dir='ltr'><strong><em>ὀλυμπιάδα</em></strong></span> <span class='ocrx_word' id='word_1_262' title='bbox 577 3148 981 3229; x_wconf 82' lang='grc' dir='ltr'><strong><em>ογδοηκοστὴν</em></strong></span> <span class='ocrx_word' id='word_1_263' title='bbox 1007 3172 1248 3232; x_wconf 88' lang='grc' dir='ltr'><strong><em>πρωτην</em></strong></span> <span class='ocrx_word' id='word_1_264' title='bbox 1278 3174 1393 3213; x_wconf 85' lang='grc' dir='ltr'><strong><em>ετει</em></strong></span> <span class='ocrx_word' id='word_1_265' title='bbox 1420 3149 1649 3233; x_wconf 73' lang='grc' dir='ltr'><strong><em>πρώτῳ.</em></strong></span> <span class='ocrx_word' id='word_1_266' title='bbox 1702 3159 1937 3259; x_wconf 79' lang='grc' dir='ltr'><strong><em>πρῶτον</em></strong></span> <span class='ocrx_word' id='word_1_267' title='bbox 1964 3146 2033 3211; x_wconf 76' lang='grc' dir='ltr'><strong><em>δὲ</em></strong></span> <span class='ocrx_word' id='word_1_268' title='bbox 2063 3149 2182 3211; x_wconf 79' lang='grc' dir='ltr'><strong><em>ἐδί-</em></strong></span> 
     </span>
    </p>

    <p class='ocr_par' dir='ltr' id='par_1_7' title="bbox 157 3226 2189 3483">
     <span class='ocr_line' id='line_1_33' title="bbox 157 3226 2187 3317; baseline 0 -23"><span class='ocrx_word' id='word_1_269' title='bbox 157 3289 162 3294; x_wconf 93' lang='grc'><strong><em>.</em></strong></span> <span class='ocrx_word' id='word_1_270' title='bbox 191 3236 340 3310; x_wconf 83' lang='grc' dir='ltr'><strong><em>δαξε</em></strong></span> <span class='ocrx_word' id='word_1_271' title='bbox 374 3258 482 3307; x_wconf 90' lang='grc' dir='ltr'><strong><em>τας</em></strong></span> <span class='ocrx_word' id='word_1_272' title='bbox 514 3232 915 3313; x_wconf 77' lang='grc' dir='ltr'><strong><em>Πελιάδας,”</em></strong></span> <span class='ocrx_word' id='word_1_273' title='bbox 881 3256 977 3297; x_wconf 86' lang='grc' dir='ltr'><strong><em>οτε</em></strong></span> <span class='ocrx_word' id='word_1_274' title='bbox 1015 3235 1116 3297; x_wconf 81' lang='grc' dir='ltr'><strong><em>καὶ</em></strong></span> <span class='ocrx_word' id='word_1_275' title='bbox 1141 3237 1329 3314; x_wconf 86' lang='grc' dir='ltr'><strong><em>τρίτος</em></strong></span> <span class='ocrx_word' id='word_1_276' title='bbox 1370 3234 1613 3317; x_wconf 80' lang='grc' dir='ltr'><strong><em>ἐγένετο.</em></strong></span> <span class='ocrx_word' id='word_1_277' title='bbox 1674 3234 1745 3297; x_wconf 89' lang='grc' dir='ltr'><strong><em>τα</em></strong></span> <span class='ocrx_word' id='word_1_278' title='bbox 1784 3234 1980 3297; x_wconf 90' lang='grc' dir='ltr'><strong><em>πάντα</em></strong></span> <span class='ocrx_word' id='word_1_279' title='bbox 2012 3230 2073 3293; x_wconf 85' lang='grc' dir='ltr'><strong><em>δ’</em></strong></span> <span class='ocrx_word' id='word_1_280' title='bbox 2105 3226 2187 3311; x_wconf 82' lang='grc' dir='ltr'><strong><em>ἦν</em></strong></span> 
     </span>
     <span class='ocr_line' id='line_1_34' title="bbox 191 3316 2185 3425; baseline -0.001 -48"><span class='ocrx_word' id='word_1_281' title='bbox 191 3316 364 3397; x_wconf 76' lang='grc' dir='ltr'><strong><em>αὐτῷ</em></strong></span> <span class='ocrx_word' id='word_1_282' title='bbox 396 3316 669 3425; x_wconf 87' lang='grc' dir='ltr'><strong><em>δράματα</em></strong></span> <span class='ocrx_word' id='word_1_283' title='bbox 706 3316 830 3403; x_wconf 72' lang='grc' dir='ltr'><strong><em>ῼβ’,</em></strong></span> <span class='ocrx_word' id='word_1_284' title='bbox 872 3319 1114 3393; x_wconf 76' lang='grc' dir='ltr'><strong><em>σώζεται</em></strong></span> <span class='ocrx_word' id='word_1_285' title='bbox 1152 3317 1220 3381; x_wconf 76' lang='grc' dir='ltr'><strong><em>δὲ</em></strong></span> <span class='ocrx_word' id='word_1_286' title='bbox 1249 3319 1358 3399; x_wconf 82' lang='grc' dir='ltr'><strong><em>οη’.</em></strong></span> <span class='ocrx_word' id='word_1_287' title='bbox 1418 3321 1641 3382; x_wconf 88' lang='grc' dir='ltr'><strong><em>τούτων</em></strong></span> <span class='ocrx_word' id='word_1_288' title='bbox 1684 3319 1997 3381; x_wconf 80' lang='grc' dir='ltr'><strong><em>νοθεύεται</em></strong></span> <span class='ocrx_word' id='word_1_289' title='bbox 2034 3317 2185 3396; x_wconf 76' lang='grc' dir='ltr'><strong><em>τρία,</em></strong></span> 
     </span>
     <span class='ocr_line' id='line_1_35' title="bbox 197 3398 2189 3483; baseline -0.001 -22"><span class='ocrx_word' id='word_1_290' title='bbox 197 3401 436 3480; x_wconf 84' lang='grc' dir='ltr'><strong><em>Τέννης</em></strong></span> <span class='ocrx_word' id='word_1_291' title='bbox 473 3398 902 3481; x_wconf 86' lang='grc' dir='ltr'><strong><em>Ραδάμανθυς</em></strong></span> <span class='ocrx_word' id='word_1_292' title='bbox 944 3404 1296 3478; x_wconf 88' lang='grc' dir='ltr'><strong><em>Πειρίθους.</em></strong></span> <span class='ocrx_word' id='word_1_293' title='bbox 1370 3403 1703 3483; x_wconf 76' lang='grc' dir='ltr'><strong><em>ἐτελεύτησε</em></strong></span> <span class='ocrx_word' id='word_1_294' title='bbox 1756 3402 1853 3479; x_wconf 79' lang='grc' dir='ltr'><strong><em>δέ,</em></strong></span> <span class='ocrx_word' id='word_1_295' title='bbox 1908 3398 1988 3473; x_wconf 79' lang='grc' dir='ltr'><strong><em>ὦς</em></strong></span> <span class='ocrx_word' id='word_1_296' title='bbox 2040 3400 2189 3479; x_wconf 81' lang='grc' dir='ltr'><strong><em>φησὶ</em></strong></span> 
     </span>
    </p>
   </div>
  </div>
 </body>
</html>
