2492 3900
263 155 391 220 302
1001 156 1543 215 ΗΡΑΚΛΕΙΔΛΙ

493 329 677 406 ἐλπὶς
705 321 873 412 τότ’,
903 321 988 395 ού
1015 326 1347 412 μέλλουσα
1374 330 1709 393 διατελεῖν
1737 325 1971 413 χάριν;

491 425 890 516 συγγνωστὰ
917 427 1044 516 γάρ
1072 453 1172 495 τοι
1199 429 1313 494 καὶ
1340 425 1422 494 τὰ
1450 423 1666 513 τοῦδ’,
1698 432 1762 495 εἰ
1784 426 1873 514 μὴ
1902 429 2091 496 θέλει
2170 444 2278 500 435

493 537 784 599 κτείνειν
809 534 1103 598 πολιτῶν
1131 533 1395 616 παῖδας,
1422 530 1681 597 αἰνέσαι
1720 525 1785 597 δ’
1824 535 1950 615 ἔχω

493 633 606 702 καὶ
632 628 918 700 τάνθάδ’
939 652 956 666 ·
997 636 1062 698 εί
1085 640 1310 698 θεοῖσι
1337 626 1421 716 δὴ
1452 635 1641 698 δοκεῖ
1674 629 1833 699 τάδε

495 733 820 822 πράσσειν
847 729 978 819 ἔμ’,
1005 727 1193 800 οὗτοι
1220 737 1337 800 σοί
1356 727 1424 819 γ’
1458 727 1829 800 ἀπόλλυται
1855 732 2063 820 χάρις.

497 825 552 902 ῶ
578 840 842 918 παῖδες,
869 830 1034 919 ὑμῖν
1060 830 1125 900 δ’
1159 829 1288 901 οὐκ
1313 840 1439 920 ἔχω
1468 840 1539 900 τί
1564 832 1912 921 χρήσομαι.

493 950 613 1005 ποῖ
633 935 1098 1024 τρεψόμεσθα;
1125 942 1226 1015 τίς
1252 933 1382 1022 γὰρ
1410 931 1730 1014 ἅστεπτος
1754 941 1975 1016 θεῶν;
2175 952 2283 1005 440

495 1052 688 1106 ποῖον
716 1037 791 1106 δὲ
818 1045 1012 1125 γαίας
1039 1040 1229 1125 ἕρκος
1256 1033 1381 1105 οὐκ
1411 1031 1794 1123 άφίγμεθα;

495 1136 849 1226 ὀλούμεθ’,
879 1131 937 1208 ῶ
961 1135 1170 1225 τέκν’,
1203 1137 1892 1227 έκδοθησόμεσθαδή.

494 1237 694 1328 κάμοὶ
719 1241 844 1328 μὲν
871 1239 1076 1310 οὐδὲν
1105 1250 1172 1308 εἰ
1193 1267 1276 1327 με
1302 1238 1426 1329 χρὴ
1454 1249 1699 1308 θανεῖν
1724 1241 1928 1326 μέλει,

494 1341 670 1429 πλὴν
704 1353 773 1411 εἴ
793 1370 857 1412 τι
885 1345 1105 1432 τέρψω
1131 1339 1289 1422 τοὺς
1318 1339 1515 1428 ἐμοὺς
1544 1338 1830 1430 ἐχθροὺς
1859 1340 2131 1409 θανῶν·

493 1439 664 1529 ὑμᾶς
691 1444 768 1510 δὲ
794 1449 1003 1512 κλαίω
1032 1446 1146 1513 καὶ
1171 1449 1604 1531 κατοικτείρω
1620 1494 1639 1529 ,
1666 1445 1886 1529 τέκνα,
2174 1459 2283 1514 445

496 1545 610 1612 καὶ
642 1541 766 1630 τὴν
791 1543 1074 1633 γεραιὰν
1099 1542 1329 1633 μητέρ’
1365 1542 1740 1632 Ἀλκμήνην
1768 1544 2032 1632 πατρός.

494 1635 549 1713 ῶ
575 1643 984 1715 δυστάλαινα
1011 1652 1132 1715 τοῦ
1159 1652 1425 1736 μακροῦ
1453 1653 1609 1733 βίου
1636 1648 1863 1731 σέθεν,

493 1742 760 1834 τλήμων
788 1747 863 1816 δὲ
889 1744 1074 1834 κάγω
1103 1747 1319 1818 πολλὰ
1344 1747 1686 1835 μοχθήσας
1711 1747 1944 1836 μάτην.

493 1854 664 1936 χρῆν
687 1854 858 1937 χρῆν
885 1844 998 1938 ἄρ’
1030 1845 1201 1938 ἡμᾶς
1227 1846 1477 1938 ἀνδρὸς
1505 1855 1598 1930 εἰς
1627 1853 1878 1938 ἐχθροῦ
1906 1851 2104 1937 χέρας

495 1949 818 2033 πεσόντας
843 1959 1128 2041 αἰσχρῶς
1153 1954 1268 2021 καὶ
1293 1960 1511 2032 κακῶς
1540 1960 1759 2021 λιπεῖν
1785 1958 1957 2039 βίον.
2171 1968 2280 2023 450

500 2049 648 2122 ἀλλ’
680 2051 863 2123 οἶσθ’
897 2050 941 2123 ὅ
965 2082 1079 2142 μοι
1107 2053 1531 2145 σύμπραξονς
1560 2050 1683 2141 οὐχ
1708 2049 1931 2123 ἅπασα
1958 2052 2087 2143 γάρ

495 2156 836 2242 πέφευγεν
864 2158 1048 2237 ἐλπὶς
1074 2158 1294 2225 τῶνδέ
1319 2182 1431 2244 μοι
1462 2162 1809 2245 σωτηρίας.

499 2252 601 2341 ἔμ’
639 2260 829 2335 ἔκδος
852 2253 1252 2344 Ἀργείοισιν
1280 2254 1430 2326 ἀντὶ
1457 2254 1691 2344 τῶνδ’,
1723 2253 1907 2344 ἅναξ,

491 2357 604 2423 καὶ
630 2356 792 2443 μήτε
820 2356 1182 2427 κινδύνευε
1210 2358 1498 2446 σωθήτω
1525 2360 1601 2427 τέ
1622 2385 1734 2447 μοι

492 2452 673 2526 τέκν’
694 2479 708 2495 ·
743 2453 824 2527 ού
857 2467 1082 2545 φιλεῖν
1109 2464 1220 2529 δεῖ
1239 2459 1363 2549 τὴν
1390 2458 1557 2548 ἐμὴν
1582 2459 1803 2547 ψυχήν
1824 2482 1837 2497 ·
1868 2471 2006 2530 ἴτω.
2168 2476 2277 2530 455

483 2560 786 2650 [μάλιστα
811 2560 879 2629 δ’
901 2559 1309 2650 Εὐρυσθεύς
1335 2588 1417 2650 με
1443 2558 1747 2650 βούλοιτ’
1780 2557 1865 2631 ἂν
1891 2560 2119 2649 λαβὼν

493 2659 612 2730 τὸν
637 2657 1031 2751 Ἡράκλειον
1057 2660 1407 2752 σύμμαχον
1432 2670 1847 2751 καθυβρίσαι
1865 2686 1878 2701 ·

496 2762 723 2842 σκαιὸς
751 2768 880 2850 γὰρ
913 2761 1103 2854 ἁνήρ.
1146 2781 1284 2846 τοῖς
1310 2780 1546 2853 σοφοῖς
1576 2762 1644 2834 δ’
1678 2761 1922 2834 εὐκτὸν
1949 2770 2141 2856 σοφῷ

497 2868 750 2951 ἔχθραν
776 2864 1173 2953 συνάπτειν,
1204 2866 1294 2956 μὴ
1324 2864 1580 2954 ἀμαθεῖ
1601 2866 1999 2957 φρονήματι.

496 2972 742 3052 πολλῆς
775 2966 908 3055 γὰρ
951 2971 1185 3049 αἰδοῦς
1212 2971 1326 3037 καὶ
1355 2973 1545 3057 δίκης
1572 2997 1669 3049 τις
1702 2963 1788 3037 ἂν
1814 2968 2045 3055 τύχοι.]
2168 2983 2274 3037 460

271 3073 410 3134 XO.
496 3055 551 3132 ῶ
578 3068 870 3153 πρέσβυ,
899 3067 989 3155 μή
1017 3096 1150 3137 νυν
1175 3067 1366 3157 τήνδ’
1399 3073 1672 3140 ἐπαιτιῶ
1706 3068 1937 3140 πόλιν·

493 3162 633 3252 τάχ’
667 3162 753 3235 ὖὶν
786 3166 915 3257 γὰρ
941 3165 1103 3257 ἡμῖν
1130 3172 1375 3253 ψευδὲς
1404 3169 1550 3240 ἀλλ’
1586 3168 1763 3260 ὅμως
1792 3169 2004 3240 κακὸν

382 3304 391 3312 ·
495 3266 742 3356 γένοιτ’
777 3266 1038 3351 ὄνειδος
1068 3268 1156 3353 ῶς
1183 3276 1414 3355 ξένους
1441 3274 1952 3361 προυδῶκαμεν.
2055 3363 2059 3368 .

269 3376 406 3436 ΔΗ
492 3384 770 3456 γενναῖα
796 3371 920 3457 μὲν
947 3369 1097 3441 τάδ’
1133 3372 1355 3460 εἶπας,
1386 3370 1533 3442 ἀλλ’
1570 3371 1895 3463 ἀμήχανα.

498 3467 580 3538 οὐ
608 3478 736 3540 σοῦ
761 3478 1040 3559 χατίζων
1068 3472 1261 3563 δεῦρ’
1302 3473 1463 3556 ἄναξ
1492 3484 1955 3565 στρατηλατεῖ·
2168 3489 2269 3547 465
