2492 3900
307 117 432 182 152

311 702 450 764 XO.

315 1006 449 1068 ΕΚ.

314 1716 456 1775 ΟΛ.

308 1919 450 1980 ΕΚ.

312 2223 455 2282 ΟΔ.

305 2424 448 2485 ΕΚ.

313 2526 455 2585 ΟΛ.

306 2627 446 2688 ΕΚ.

311 2731 454 2789 ΟΛ.

304 2830 448 2892 ΕΚ.

310 2931 454 2992 ΟΔ.
527 2922 672 2994 ἀλλ’
708 2923 858 2998 οὐδ’
889 2925 1020 3018 έγῶ
1046 2923 1180 3015 μὴν
1206 2926 1397 3015 τήνδ’
1429 2921 1660 3016 ἄπειμ’
1686 2925 1903 2998 αὐτοῦ
1932 2924 2168 2994 λιπών.

1169 124 1469 180 ΕΚΑΒΗ

541 288 721 372 ὅστις
749 288 876 381 γὰρ
905 287 1034 359 οὐκ
1064 300 1269 359 εἴωθε
1296 290 1622 378 γεύεσθαι
1648 278 1898 379 κακῶν,

540 394 732 481 φέρει
759 393 918 480 με’ν,
951 389 1145 480 ἀλγεῖ
1167 388 1234 460 δ’
1269 388 1501 478 αὐχέν’
1535 395 1823 474 ἐντιθεὶς
1851 402 2059 486 ζυγῷ·

538 491 779 562 θανών
806 490 872 561 δ’
907 489 993 561 ἄν
1024 504 1125 581 εἴη
1153 492 1407 581 μᾶλλον
1440 490 1909 583 εὐτυχέστερος

532 593 598 684 [ἢ
632 601 790 679 ζῶν·
807 593 882 663 τὸ
910 592 1037 685 γὰρ
1067 602 1185 681 ζῆν
1210 592 1301 682 μὴ
1331 601 1548 675 καλῶς
1576 597 1780 683 μέγας
1807 592 2060 682 πόνος].

542 694 765 776 δεινὸς
790 694 1128 785 χαρακτὴρ
1156 692 1531 784 κάπίσημος
1558 699 1631 765 ἐν
1658 702 1923 785 βροτοῖς

539 800 804 865 ἐσθλῶν
831 799 1186 883 γενέσθαι,
1219 794 1384 866 κάπὶ
1410 805 1632 885 μεῖζον
1660 804 1919 887 ἔρχεται

538 905 656 985 τῆς
686 895 1029 985 εὐγενείας
1055 895 1269 986 ὄνομα
1296 913 1510 968 τοῖσιν
1537 896 1762 981 ἀξίοις.

533 1007 752 1079 καλῶς
779 1000 903 1087 μὲν
934 999 1154 1087 εἶπας,
1183 998 1515 1090 θύγατερ·
1555 997 1723 1068 ἀλλὰ
1751 1006 1843 1091 τῷ
1871 1007 2055 1092 καλῷ

541 1101 720 1189 λύπη
747 1102 1126 1190 πρόσεστιν.
1185 1107 1249 1169 εί
1273 1102 1350 1169 δὲ
1378 1108 1488 1170 δεῖ
1508 1108 1600 1192 τῷ
1630 1104 1909 1189 Πηλέως

537 1201 736 1291 χάριν
762 1206 1084 1289 γενέσθαι
1110 1204 1303 1271 παιδὶ
1329 1205 1443 1271 καὶ
1468 1200 1687 1290 ψόγον
1716 1216 1966 1291 φυγεῖν

538 1300 745 1391 ὑμᾶς,
767 1301 1129 1391 Ὀδυσσεῦ,
1159 1304 1361 1393 τήνδε
1389 1306 1513 1392 μὲν
1541 1302 1631 1392 μὴ
1658 1310 1973 1390 κτείνετε,

537 1401 707 1492 ἡμᾶς
735 1404 802 1472 δ’
835 1403 1108 1494 ἄγοντες
1136 1404 1302 1496 πρὸς
1328 1405 1554 1496 πυρὰν
1573 1402 1919 1493 Ἀχιλλέως

537 1521 864 1594 κεντεῖτε,
893 1506 985 1594 μὴ
1013 1504 1329 1595 φείδεσθ’
1351 1530 1365 1543 ·
1401 1505 1529 1595 ἐγώ
1541 1504 1773 1577 ”τεκον
1799 1505 2043 1594 Πάριν,

539 1603 614 1687 ὃς
642 1613 848 1677 παῖδα
877 1611 1151 1687 Θέτιδος
1180 1604 1431 1677 ὤλεσεν
1460 1607 1670 1691 τόξοις
1695 1607 1942 1695 βαλών.

531 1705 614 1777 οὐ
644 1706 736 1797 σ’,
768 1701 824 1777 ὦ
850 1709 1120 1798 γεραιά,
1149 1719 1517 1779 κατθανεῖν
1538 1708 1882 1797 Ἀχιλλέως

541 1808 871 1899 φάντασμ’
900 1807 1221 1899 Ἀχαιούς,
1252 1807 1419 1879 ἄλλα
1444 1808 1633 1900 τήνδ’
1668 1809 1972 1900 ᾐτήσατο.

515 1908 726 2001 ὑμεῖς
752 1914 832 1983 δέ
853 1910 925 2002 μ’
961 1910 1130 1984 ἀλλὰ
1155 1916 1452 2003 θυγατρὶ
1480 1912 2015 2002 συμφονεῦσατε,

540 2017 654 2083 καὶ
683 2018 786 2097 δὶς
813 2016 1011 2086 τόσον
1041 2013 1218 2102 πῶμ’
1254 2021 1526 2104 αἳματος
1554 2014 1903 2103 γενήσεται

540 2124 699 2207 γαίᾳ
725 2125 944 2209 νεκρῷ
973 2145 1045 2186 τε
1069 2124 1161 2208 τῷ
1192 2114 1338 2185 τάδ’
1372 2119 1832 2208 ἐξαιτουμένῳ.

540 2213 686 2296 ἅλις
713 2219 916 2306 κόρης
959 2213 1054 2298 εἷς
1092 2218 1408 2305 θάνατος,
1442 2215 1525 2287 οὐ
1554 2220 1979 2309 προσοιστέος

537 2315 734 2398 ἄλλος
763 2319 929 2404 πρὸς
959 2315 1138 2408 ἄλλῳ
1156 2341 1170 2355 ·
1209 2320 1379 2406 μηδὲ
1406 2319 1595 2390 τόνδ’
1630 2317 2026 2408 ὠφείλομεν.

538 2419 750 2508 πολλή
775 2417 840 2506 γ’
875 2417 1132 2508 ἀνάγκη
1159 2422 1455 2510 θυγατρὶ
1479 2431 1857 2490 συνθανεῖν
1885 2423 2017 2509 ἐμέ.

534 2528 710 2606 πῶς,
750 2519 833 2590 οῦ
862 2521 992 2611 γὰρ
1021 2521 1172 2592 οἶδα
1200 2520 1526 2603 δεσπότας
1551 2524 1970 2610 κεκτημένος.

530 2617 727 2692 ὁποῖα
753 2624 981 2706 κισσὸς
1009 2622 1214 2714 δρυὸς
1243 2620 1423 2705 ὅπως
1451 2623 1641 2711 τῆσδ’
1674 2626 1918 2711 ἕξομαι.

535 2721 696 2810 οῦκ,
727 2723 814 2812 ἦν
841 2753 918 2813 γε
945 2732 1153 2815 πείθῃ
1183 2741 1354 2794 τοῖσι
1380 2732 1507 2794 σοῦ
1535 2727 1960 2814 σοφωτέροις.

534 2821 623 2905 ὥς
647 2823 837 2913 τῆσδ’
873 2829 1119 2896 ἑκοῦσα
1150 2825 1389 2907 παιδὸς
1416 2823 1500 2896 ού
1527 2827 1925 2915 μεθήσομαι.

301 3029 505 3103 ΠΛΞ.
525 3034 732 3118 μῆτερ
749 3080 768 3117 ,
797 3037 1012 3101 πιθοῦ
1039 3057 1152 3117 μοι
1169 3051 1184 3067 ·
1223 3031 1339 3098 καὶ
1364 3028 1451 3099 σύ
1481 3045 1608 3098 παῖ
1626 3033 1983 3119 Λαερτίου,

534 3130 702 3216 χάλα
728 3138 1041 3201 τοκεῦσιν
1070 3130 1339 3212 είκότως
1364 3133 1843 3220 θυμουμένοις,

533 3232 624 3302 σύ
649 3228 709 3298 τ’
749 3224 803 3302 ὦ
831 3233 1110 3302 τάλαινα
1137 3247 1271 3315 τοῖς
1302 3239 1621 3322 κρατοῦσι
1649 3230 1739 3320 μὴ
1769 3229 2004 3318 μάχου.

533 3333 765 3422 βούλει
794 3351 1022 3404 πεσεῖν
1050 3334 1216 3423 πρὸς
1243 3324 1453 3414 οὖδας
1478 3335 1772 3402 ἕλκῶσαί
1793 3359 1865 3401 τε
1891 3328 2017 3400 σὸν

535 3436 818 3525 γέροντα
842 3437 1064 3523 χρῶτα
1090 3434 1256 3524 πρὸς
1286 3442 1445 3522 βίαν
1473 3432 1854 3523 ὦθουμένη,

2217 312 2331 369 375

2214 1320 2323 1375 385

2212 1828 2323 1885 390

2210 2335 2321 2390 395

2208 2839 2321 2892 400

2210 3341 2317 3394 405
