2492 3900
144 1355 294 1417 XO.

139 1560 302 1620 KH.

141 1661 297 1722 ΘΗ.

138 1763 299 1826 ΚΗ.

141 1866 296 1926 ΘΗ.

137 1969 298 2029 ΚΗ.

139 2071 294 2132 ΘΗ.

138 2173 300 2233 ΚΗ.

140 2275 295 2336 ΘΗ.

141 2377 298 2438 ΚΗ.

141 2479 293 2540 ΘΗ.

140 2581 297 2641 ΚΗ.

141 2683 292 2744 ΘΗ.

140 2786 296 2847 KH.

145 2889 292 2948 ΘΗ.

145 2990 294 3050 ΚΗ.

144 3092 291 3153 ΘΗ.

973 165 1382 222 ΙΚΕΤΙΔΕΣ
1961 148 1966 156 “
2051 165 2175 230 389

384 324 423 401 ’ὁ
452 358 484 396 τ
504 329 519 353 ’
554 327 780 420 ὄλβιός
806 359 920 400 νιν
949 339 1215 420 πνεῦμα
1248 338 1617 420 δειμαίνων
1645 344 1865 405 λιπεῖν

385 430 651 522 ὑψηλὸν
682 443 877 519 αἴρει.
951 434 1233 522 γνόντας
1262 426 1388 505 οὖν
1414 433 1634 524 χρεων
1658 437 1817 506 τάδε
2071 456 2172 510 555

387 532 875 623 ἀδικουμένους
899 563 971 605 τε
998 538 1234 623 μέτρια
1260 534 1349 626 μὴ
1378 544 1584 632 θυμῷ
1614 541 1851 627 φέρειν

388 633 651 705 ἀδικεῖν
677 664 748 706 τε
777 634 1051 706 τοιαῦθ’
1085 633 1193 707 οἷα
1220 638 1310 727 μὴ
1339 638 1583 728 βλάψει
1610 640 1827 710 πόλιν.

387 744 528 818 πῶς
560 728 688 808 οὖν
719 734 806 808 ἂν
834 749 973 829 εἴης
1005 738 1163 821 τούς
1191 736 1526 823 ὀλωλότας
1554 741 1840 833 νεκροὺς

384 839 601 921 θάψαι
645 837 800 909 δόθ’
838 839 999 928 ἡμῖν
1035 854 1174 920 τοῖς
1209 844 1530 914 θέλουσιν
1566 845 1886 935 εὐσεβεῖν.
2081 932 2088 939 .

386 937 428 1028 ἢ
458 947 629 1027 δῆλα
661 938 982 1011 τάνθένδ’
1005 964 1020 979 ·
1077 942 1210 1032 εἶμι
1245 947 1359 1014 καὶ
1386 945 1590 1027 θάψω
1620 953 1757 1038 βίᾳ.
2066 962 2169 1017 560

383 1040 465 1111 ού
496 1042 621 1133 γάρ
651 1042 800 1112 ποτ’
835 1040 1265 1133 είςἝλληνας
1294 1046 1749 1135 ἐξοισθήσεται

384 1141 470 1226 ὥς
507 1151 599 1225 είς
629 1142 734 1233 ἔμ’
769 1145 997 1215 ἐλθών
1025 1148 1139 1217 καὶ
1165 1147 1366 1218 πόλιν
1394 1154 1782 1229 Πανδίονος

380 1246 582 1335 νόμος
609 1247 889 1330 παλαιὸς
919 1250 1264 1338 δαιμόνων
1292 1251 1657 1341 διεφθάρη.

379 1349 622 1437 θάρσει
641 1372 656 1387 ·
713 1348 786 1419 τὸ
817 1351 943 1439 γάρ
972 1380 1075 1421 τοι
1106 1360 1222 1439 τῆς
1249 1360 1466 1440 Δίκης
1494 1354 1723 1437 σώζων
1754 1362 1971 1446 σέβας,

379 1449 669 1532 πολλοὺς
695 1447 1114 1542 ὑπεκφύγοις
1143 1449 1228 1523 ἂν
1256 1452 1644 1546 ἀνθρώπων
1662 1454 1932 1544 ψόγους.
2064 1473 2165 1528 565

377 1552 608 1642 βούλει
637 1554 919 1637 συνάψω
949 1561 1181 1644 μῦθον
1208 1560 1285 1627 έν
1311 1566 1551 1647 βραχεῖ
1572 1561 1815 1641 σέθεν;

379 1652 546 1744 λέγ’,
577 1666 646 1726 εἴ
663 1684 725 1726 τι
755 1658 1020 1746 βούλει·
1052 1660 1165 1728 καὶ
1191 1659 1321 1749 γὰρ
1351 1657 1436 1729 ού
1464 1660 1737 1749 σιγηλὸς
1769 1659 1847 1729 εἶ.

385 1754 508 1827 οὐκ
539 1756 625 1828 ἄν
651 1757 799 1829 ποτ’
834 1764 907 1829 ἐκ
930 1768 1057 1848 γῆς
1085 1766 1328 1843 παῖδας
1350 1760 1671 1853 Ἀργείων
1699 1762 1947 1850 λάβοις.

383 1857 604 1947 κάμοῦ
633 1888 764 1930 νυν
797 1858 1249 1949 ἀντάκουσον,
1284 1871 1348 1932 εί
1373 1864 1642 1952 βούλει,
1673 1864 1897 1934 πάλιν.

382 1958 652 2051 κλύοιμ’
689 1960 774 2033 ἄν
792 1986 806 2001 ·
836 1961 920 2034 οὐ
949 1964 1078 2053 γὰρ
1107 1962 1277 2034 ἀλλὰ
1306 1971 1417 2036 δεῖ
1438 1973 1679 2038 δοῦναι
1706 1968 1924 2056 μέρος.
2062 1983 2167 2040 570

377 2064 582 2147 θάψω
617 2064 902 2155 νεκροὺς
927 2074 1048 2156 γῆς
1077 2065 1321 2151 ἐξελών
1338 2067 1685 2150 Ἀσωπίας.

382 2170 458 2236 ἐν
487 2165 763 2238 ἀσπίσιν
792 2190 898 2238 σοι
927 2175 1159 2258 πρῶτα
1187 2174 1692 2244 κινδυνευτέον.

375 2268 668 2351 πολλοὺς
688 2277 894 2361 ἔτλην
925 2270 1010 2361 δὴ
1037 2268 1359 2364 χὰτέρους
1387 2270 1635 2356 ἄλλους
1662 2273 1931 2352 πόνους.

379 2361 425 2458 ἦ
452 2379 659 2443 πᾶσιν
693 2363 820 2444 οὖν
847 2371 914 2444 σ’
948 2382 1205 2464 ἔφυσεν
1233 2377 1537 2465 ἐξαρκεῖν
1565 2376 1820 2466 πατήρς

378 2469 522 2544 ὅσοι
551 2472 618 2563 γ’
652 2472 998 2564 ὑβρισταί·
1028 2477 1281 2567 χρηστὰ
1310 2474 1377 2547 δ’
1410 2475 1494 2547 ού
1524 2477 1902 2563 κολάζομεν.
2062 2489 2163 2546 575

377 2575 704 2665 πράσσειν
730 2576 818 2647 σύ
847 2577 1042 2649 πόλλ’
1079 2589 1328 2660 εἴωθας
1355 2576 1401 2666 ἥ
1426 2607 1497 2649 τε
1526 2578 1609 2668 σὴ
1637 2580 1847 2658 πόλις.

374 2678 607 2768 τοιγὰρ
645 2680 948 2768 πονούσῃ
976 2679 1188 2750 πολλὰ
1215 2678 1412 2751 πόλλ’
1447 2678 1835 2770 εὐδαίμονα,

382 2779 561 2869 ἔλθ’,
592 2779 683 2863 ὥς
712 2804 788 2853 σε
817 2783 1021 2872 λόγχη
1042 2782 1349 2873 ’σπαρτὸς
1379 2785 1453 2854 έν
1482 2784 1672 2855 πόλει
1700 2783 1892 2872 λάβῃ.

375 2890 474 2964 τίς
503 2881 569 2953 δ’
604 2888 676 2954 ἐκ
707 2885 1073 2976 δράκοντος
1101 2893 1358 2976 θοῦρος
1388 2881 1476 2955 ἀν
1503 2883 1749 2975 γένοιτ’
1783 2883 2025 2972 ’Ἁρηςς

381 2986 625 3072 γνώσει
652 2987 740 3057 σύ
767 2988 1042 3076 πάσχων
1060 3011 1074 3026 ·
1105 2997 1239 3058 νῦν
1267 2986 1333 3058 δ’
1369 2986 1461 3058 ἔτ’
1498 2988 1560 3058 εἷ
1582 2995 1874 3067 νεανίας.
2060 3002 2164 3056 580

376 3084 563 3157 οὔτοι
613 3083 686 3176 μ’
726 3092 990 3179 ἐπαρεῖς
1025 3087 1194 3160 ὥστε
1223 3097 1625 3178 θυμοῦσθαι
1658 3092 1911 3180 φρένας

371 3204 506 3270 τοῖς
532 3206 709 3260 σοῖσι
737 3192 1048 3280 κόμποις·
1080 3190 1230 3262 ἀλλ’
1266 3190 1678 3262 ἀποστέλλου
1708 3191 1977 3279 χθονός,

370 3291 614 3380 λόγους
638 3302 959 3382 ματαίους
985 3292 1240 3383 οὕσπερ
1271 3293 1534 3383 ἠνέγκω
1564 3293 1812 3383 λαβών.

372 3401 782 3484 περαίνομεν
808 3395 938 3486 γὰρ
967 3394 1193 3468 οὐδέν.
1267 3395 1607 3486 ὁρμᾶσθαι
1637 3395 1856 3484 χρεων

372 3494 570 3565 πάντ’
604 3494 800 3587 ἄνδρ’
839 3496 1118 3589 ὁπλίτην
1147 3497 1462 3590 ἁρμάτων
1489 3497 1547 3569 τ’
1584 3494 1980 3585 ἐπεμβάτην,
2062 3513 2163 3565 585
