2492 3900
336 147 460 212 314

1073 147 1618 205 HPAKAEIAAI
1914 5 2483 236 -

563 315 604 389 ’ὸ
633 315 698 390 δ’
731 314 887 388 οὔτε
915 315 1073 398 τοὺς
1101 316 1428 398 κλύοντας
1456 317 1798 398 αἰδεσθεὶς
1826 316 2049 405 λόγων

568 417 714 491 οὔτ’
749 416 951 501 αὐτὸς
977 416 1190 489 αὑτοῦ
1223 423 1484 488 δειλίαν
1510 416 1878 508 στρατηγὸς
1906 416 2029 508 ὤν,

569 527 800 592 ἐλθεῖν
828 519 1138 610 ἐτόλμησ’
1179 519 1379 609 ἐγγὺς
1412 517 1700 610 ἀλκίμου
1728 521 1947 611 δορός,
2250 537 2343 592 815

567 622 715 694 ἀλλ’
753 615 840 712 ἦν
866 624 1207 703 κάκιστος·
1241 622 1382 692 εἶτα
1408 630 1710 704 τοιοῦτος
1741 621 1953 712 γεγώς

567 724 725 807 τοὺς
751 723 1185 815 Ἡρακλείους
1212 716 1385 814 ἦλθε
1416 724 1784 794 δουλώσων
1810 724 2076 812 γόνους.

549 824 781 910 “Tuos
806 827 931 917 μὲν
959 818 1088 898 οὖν
1116 824 1407 920 ἀπῴχετ’
1447 833 1540 906 είς
1566 827 1754 908 τάξιν
1782 823 2019 897 πάλιν·

566 930 836 1019 μάντεις
863 926 928 999 δ’
963 929 1194 1017 ἐπειδὴ
1224 929 1607 1019 μονομάχου
1639 926 1731 998 δι’
1766 925 2050 1010 ἀσπίδος

568 1031 928 1121 διαλλαγὰς
956 1039 1261 1120 ἔγνωσαν
1288 1029 1373 1100 ού
1400 1035 1823 1120 τελουμένας,
2256 1046 2353 1102 820

568 1143 890 1223 ἔσφαζον,
920 1132 1045 1203 οὐκ
1079 1142 1390 1222 ἔμελλον,
1421 1130 1569 1202 ἀλλ’
1606 1131 1895 1221 ἀφίεσαν

573 1244 832 1325 λαιμῶν
860 1243 1187 1326 βροτείων
1215 1232 1432 1317 εὐθὺς
1462 1233 1701 1325 οὔριον
1728 1234 1964 1325 φόνον.

568 1347 638 1410 οἳ
662 1336 727 1408 δ’
763 1335 1001 1429 ἅρματ’
1038 1341 1450 1428 εἰσέβαινον,
1478 1346 1548 1408 οἳ
1572 1335 1636 1407 δ’
1668 1333 1788 1406 ὑπ’
1822 1333 2132 1408 ἀσπίδων

570 1448 891 1529 πλευροῖς
919 1449 1253 1529 ἔκρυπτον
1280 1436 1545 1529 πλεύρ’·
1585 1437 1969 1528 Ἀθηναίων
1997 1437 2065 1510 δ’
2105 1437 2275 1524 ἅναξ

568 1548 827 1634 στρατῷ
874 1540 1262 1628 παρήγγειλ’
1296 1537 1404 1612 οἷα
1430 1539 1556 1632 χρὴ
1586 1540 1707 1611 τὸν
1734 1539 1979 1630 εὐγενῆ
1997 1564 2012 1579 ·
2252 1559 2363 1613 825

569 1635 625 1712 ὦ
652 1647 1079 1731 ξυμπολῖται,
1109 1652 1188 1734 τῇ
1217 1672 1289 1713 τε
1316 1644 1655 1734 βοσκούσῃ
1678 1647 1883 1732 χθονὶ

569 1748 682 1816 καὶ
711 1752 792 1836 τῇ
819 1745 1105 1835 τεκούσῃ
1133 1753 1268 1816 νῦν
1295 1743 1427 1815 τιν’
1460 1743 1736 1834 ἀρκέσαι
1761 1745 1999 1836 χρεών.

562 1844 603 1916 ’ὃ
639 1844 703 1918 δ’
737 1837 828 1916 αὖ
860 1848 934 1916 τό
965 1844 1022 1915 τ’
1050 1845 1296 1938 ’Ἁργος
1324 1847 1414 1936 μὴ
1442 1855 1881 1934 καταισχῦναι
1910 1851 2147 1920 θέλειν

569 1954 682 2021 καὶ
711 1947 827 2031 τὰς
846 1949 1179 2039 Μυκήνας
1208 1952 1595 2040 συμμάχους
1621 1955 1936 2021 ἐλίσσετο.

572 2055 717 2123 ἐπεὶ
745 2050 809 2122 δ’
845 2051 1118 2141 ἐσήμην’
1153 2050 1397 2143 ὄρθιον
1436 2060 1822 2143 Τυρσηνικῇ
2258 2075 2363 2131 830

566 2154 884 2242 σάλπιγγι
912 2158 1024 2223 καὶ
1053 2162 1367 2244 συνῆψαν
1396 2152 1707 2243 ἀλλήλοις
1733 2156 1971 2244 μάχην,

569 2256 782 2326 πόσον
811 2253 939 2324 τιν’
973 2254 1200 2343 αὐχεῖς
1225 2258 1525 2345 πάταγον
1553 2255 1861 2328 ἀσπίδων
1887 2260 2189 2349 βρέμειν,

567 2357 781 2427 πόσον
808 2355 959 2425 τινὰ
987 2358 1364 2448 στεναγμὸν
1394 2360 1694 2449 οἰμωγήν
1722 2357 1798 2429 θ’
1833 2356 2042 2449 ὁμοῦ;

565 2456 646 2528 τὰ
675 2465 906 2549 πρῶτα
931 2462 1056 2546 μέν
1081 2489 1215 2530 νυν
1243 2469 1519 2543 πίτυλος
1549 2459 1852 2552 Ἀργείου
1880 2461 2075 2553 δορὸς

565 2560 884 2651 ἐρρήξαθ·’
918 2558 1119 2651 ἡμᾶς·
1153 2561 1273 2632 εἶτ’
1308 2564 1653 2655 ἐχώρησαν
1680 2565 1900 2635 πάλιν.
2258 2583 2367 2640 835
2468 2626 2470 2637 2

565 2664 639 2733 τὸ
669 2666 991 2753 δεύτερον
1021 2666 1097 2735 δὲ
1123 2664 1295 2746 ποὺς
1322 2669 1766 2755 ἐπαλλαχθεὶς
1793 2673 1974 2753 ποδί,

568 2763 739 2855 ἀνὴρ
773 2764 837 2834 δ’
871 2764 979 2835 ἐπ’
1015 2765 1213 2857 ἀνδρὶ
1243 2769 1402 2849 στὰς
1430 2773 1771 2860 ἐκαρτέρει
1798 2770 1972 2859 μάχῃ
1991 2790 2007 2806 ·

567 2869 802 2936 πολλοὶ
830 2865 893 2936 δ’
929 2874 1241 2957 ἔπιπτον,
1270 2861 1358 2958 ἦν
1386 2871 1461 2941 δὲ
1490 2872 1617 2941 δύο
1644 2872 2093 2962 κελεύσματα·

567 2958 622 3035 ὦ
649 2966 766 3048 τὰς
794 2965 1114 3059 Ἀθήνας,
1146 2963 1200 3040 ὦ
1229 2971 1349 3042 τὸν
1376 2969 1699 3065 Ἀργείων
1730 2973 1906 3064 γύην

563 3077 970 3160 σπείροντες,
1001 3070 1127 3144 οὐκ
1156 3072 1419 3164 ἀρήξετ’
1452 3078 1779 3166 αἰσχύνην
1806 3077 2035 3159 πόλει;
2253 3094 2365 3151 840

565 3172 754 3259 μόλις
781 3174 855 3243 δὲ
883 3176 1096 3247 πάντα
1125 3182 1419 3267 δρῶντες
1446 3177 1570 3265 οὐκ
1601 3176 1758 3269 ἄτερ
1786 3180 2017 3250 πόνων

569 3275 1016 3363 ἐτρεψάμεσθ·’
1046 3277 1352 3368 Ἀργεῖον
1381 3287 1474 3361 εἰς
1502 3282 1736 3372 φυγὴν
1763 3282 1954 3372 δόρυ.

565 3373 897 3447 κάνταῦθ’
932 3376 967 3447 ὁ
997 3382 1291 3468 πρέσβυς
1310 3378 1549 3451 Ὕλλον
1583 3385 2043 3474 ἐξορμώμενον

569 3477 764 3565 ἰδών,
797 3476 1024 3568 ὀρέξας
1055 3481 1350 3549 ἱκέτευσε
1380 3481 1608 3567 δεξιάν
