2492 3900
297 173 424 240 282

296 1783 440 1846 XO.

296 1990 418 2053 AI.

302 2092 431 2153 ΟΡ.

295 2194 417 2257 ΔΙ.

296 2400 441 2462 XO.

295 2706 416 2769 A1.

294 2910 443 2971 HA.

430 3028 438 3037 ’
527 3012 778 3093 φονίαν
805 3011 1047 3075 ἔδοσαν
1075 3006 1277 3094 μητρὶ
1302 3008 1661 3092 γενέσθαι;

294 3116 415 3177 ΔΙ.

302 3418 430 3479 ΟΡ.

1097 175 1495 233 ΗΛΕΚΤΡΑ

527 345 780 436 μητέρα
807 343 886 414 δὲ
909 341 1034 432 τὴν
1059 341 1190 430 σὴν
1215 339 1367 432 ἄρτι
1392 349 1763 412 Ναυπλίαν
1790 340 2029 432 παρεὸν

527 438 911 534 Μενέλαος,
943 449 1010 529 ἐξ
1037 437 1126 515 οὗ
1162 443 1474 535 Τρωικὴν
1503 441 1639 514 εἷλε
1665 444 1906 533 χθόνα,

521 547 750 640 Ἑλένη
776 576 849 621 τε
875 549 1118 631 θάψει·
1148 549 1481 638 Πρωτέως
1506 546 1639 635 γὰρ
1666 551 1741 617 ἐκ
1770 545 2001 634 δόμων

526 650 678 743 ἥκει
705 649 976 722 λιποῦσ’
1008 661 1363 739 Αἴγυπτον
1390 645 1545 718 οὐδ’
1578 641 1797 738 ἦλθεν
1824 649 2127 738 Φρύγας.

529 755 701 837 Ζεὺς
733 752 826 842 δ’,
855 749 946 834 ὦς
975 759 1114 842 ἔρις
1140 754 1404 841 γένοιτο
1432 752 1547 820 καὶ
1574 750 1786 840 φόνος
1812 759 2101 843 βροτῶν,

533 863 816 929 εἴδωλον
838 852 1104 944 Ἑλένης
1132 851 1450 942 ἐξέπεμψ’
1496 855 1561 932 ἐς
1592 850 1822 924 Ἴλιον.

529 958 852 1047 Πυλάδης
876 957 1004 1047 μὲν
1029 947 1160 1027 οὖν
1186 956 1399 1047 κόρην
1424 983 1497 1027 τε
1524 958 1640 1025 καὶ
1664 956 1949 1046 δάμαρτ’
1981 965 2156 1046 ἔχων

523 1059 850 1150 Ἀχαιίδος
875 1066 998 1150 γῆς
1025 1055 1242 1130 οἴκαδ’
1280 1061 1723 1150 εἰσπορευέτω

530 1166 644 1234 καὶ
669 1162 791 1234 τὸν
818 1161 998 1254 λόγῳ
1026 1160 1150 1232 σὸν
1180 1160 1527 1251 πενθερὸν
1554 1163 1871 1249 κομιζέτω

531 1267 828 1336 Φωκέων
856 1268 924 1346 ἐς
951 1263 1108 1334 αἶαν
1141 1266 1255 1333 καὶ
1284 1263 1460 1333 δότω
1491 1263 1791 1333 πλούτου
1817 1263 2057 1354 βάρος·

526 1367 615 1438 σύ
645 1365 709 1437 δ’
741 1364 1040 1456 Ἰσθμίας
1067 1373 1188 1456 γῆς
1215 1361 1448 1454 αὐχέν’
1482 1368 1824 1454 ἐμβαίνων
1850 1367 2015 1435 ποδὶ

524 1470 728 1560 χώρει
753 1467 921 1559 πρὸς
947 1467 1136 1538 οἷκον
1161 1474 1545 1558 Κεκροπίας
1577 1465 1965 1556 εὐδαίμονα.

527 1571 974 1662 πεπρωμένην
1001 1568 1130 1660 γὰρ
1159 1585 1403 1658 μοῖραν
1432 1570 1763 1658 ἐκπλήσας
1792 1569 2016 1659 φόνου

531 1671 1041 1761 εὐδαιμονήσεις
1079 1669 1287 1742 τῶνδ’
1321 1669 1773 1760 ἀπαλλαχθεὶς
1800 1671 2055 1744 πόνων.

525 1767 578 1864 ὦ
607 1781 806 1845 παῖδε
833 1774 1032 1862 Διός,
1066 1776 1265 1863 θέμις
1294 1781 1389 1855 εἰς
1416 1773 1731 1864 φθογγὰς

529 1877 644 1963 τὰς
673 1875 996 1971 ὑμετέρας
1021 1872 1183 1967 ἡμῖν
1209 1876 1573 1962 πελάθειν;

527 1986 758 2071 θέμις,
788 1980 872 2053 οὐ
901 1996 1225 2071 μυσαροῖς
1251 1986 1474 2050 τοῖσδε
1500 1987 1834 2070 σφαγίοις.

529 2084 730 2174 κάμοὶ
756 2084 990 2173 μύθου
1016 2086 1210 2172 μέτα,
1251 2088 1703 2173 Τυνδαρίδαις

526 2189 638 2257 καὶ
666 2194 805 2258 σοί·
837 2194 1069 2277 Φοίβῳ
1097 2182 1289 2273 τήνδ’
1322 2182 1644 2274 ἀναθήσω

528 2292 771 2381 πρᾶξιν
807 2296 1076 2376 φονίαν.

523 2399 665 2472 πῶς
693 2387 847 2461 ὅντε
875 2388 1018 2459 θεώ
1049 2392 1256 2478 τῆσδέ
1280 2386 1340 2457 τ’
1380 2386 1653 2479 ἀδελφὼ

525 2501 641 2582 τῆς
668 2495 1178 2583 καταφθιμένης

527 2594 654 2667 οὐκ
681 2593 1052 2687 ἠρκέσατον
1076 2601 1286 2685 κῆρας
1311 2594 1715 2685 μελάθροιςς

525 2715 771 2789 μοῖραν
803 2698 1096 2787 ἀνάγκης
1123 2688 1293 2786 ἦγεν
1323 2696 1399 2766 τὸ
1426 2695 1666 2786 χρεών,

530 2807 791 2889 Φοίβου
821 2798 879 2869 τ’
919 2798 1164 2887 ἄσοφοι
1194 2800 1501 2887 γλώσσης
1530 2803 1783 2869 ἐνοπαί.

526 2909 628 2982 τίς
654 2901 722 2971 δ’
757 2899 861 2990 ἔμ’
890 2899 1266 2989 Ἀπόλλων,
1296 2918 1477 2972 ποῖοι
1502 2902 1787 2991 χρησμοὶ

524 3110 747 3177 κοιναὶ
775 3107 1080 3197 πράξεις,
1109 3108 1326 3176 κοινοὶ
1356 3106 1431 3177 δὲ
1459 3105 1722 3195 πότμοι,

524 3216 644 3296 μία
673 3205 730 3279 δ’
760 3206 1182 3300 ἀμφοτέρους

525 3309 648 3399 ἄτη
677 3314 985 3402 πατέρων
1013 3313 1414 3380 διέκναισεν.

524 3403 578 3480 ὦ
606 3413 902 3502 σύγγονέ
922 3440 1070 3500 μοι,
1100 3419 1380 3500 χρονίαν
1407 3408 1472 3480 σ’
1507 3410 1754 3481 ἐσιδών

2192 565 2337 619 1280

2198 1078 2332 1131 1285

2196 1593 2330 1645 ,290

2196 2099 2324 2154 1295

2188 2611 2323 2666 1300

2184 3120 2319 3176 1305
2474 3076 2476 3137 ⁴
