<?xml version="1.0" encoding="UTF-8"?>
<!DOCTYPE html PUBLIC "-//W3C//DTD XHTML 1.0 Transitional//EN"
    "http://www.w3.org/TR/xhtml1/DTD/xhtml1-transitional.dtd">
<html xmlns="http://www.w3.org/1999/xhtml" xml:lang="en" lang="en">
 <head>
  <title>
</title>
<meta http-equiv="Content-Type" content="text/html;charset=utf-8" />
  <meta name='ocr-system' content='tesseract 3.04.00' />
  <meta name='ocr-capabilities' content='ocr_page ocr_carea ocr_par ocr_line ocrx_word'/>
</head>
<body>
  <div class='ocr_page' id='page_1' title='image "./evripidistragoe03eurigoog/evripidistragoe03eurigoog_0333.png"; bbox 0 0 2492 3900; ppageno 0'>
   <div class='ocr_carea' id='block_1_1' title="bbox 1040 125 2188 190">
    <p class='ocr_par' dir='ltr' id='par_1_1' title="bbox 1040 125 2188 190">
     <span class='ocr_line' id='line_1_1' title="bbox 1040 125 2188 190; baseline 0.005 -7"><span class='ocrx_word' id='word_1_1' title='bbox 1040 125 1351 187; x_wconf 77' lang='grc' dir='ltr'><em>ΕΛΕΝΗ</em></span> <span class='ocrx_word' id='word_1_2' title='bbox 2065 125 2188 190; x_wconf 73' lang='lat'><strong><em>221</em></strong></span> 
     </span>
    </p>
   </div>
   <div class='ocr_carea' id='block_1_2' title="bbox 134 273 2189 3539">
    <p class='ocr_par' dir='ltr' id='par_1_2' title="bbox 134 273 2189 3539">
     <span class='ocr_line' id='line_1_2' title="bbox 134 273 2185 372; baseline -0.005 -13"><span class='ocrx_word' id='word_1_3' title='bbox 134 292 437 359; x_wconf 77' lang='grc' dir='ltr'><strong><em>ΘΕΟΚ.</em></strong></span> <span class='ocrx_word' id='word_1_4' title='bbox 469 273 525 352; x_wconf 63' lang='lat' dir='ltr'><strong><em>a}</em></strong></span> <span class='ocrx_word' id='word_1_5' title='bbox 553 296 776 372; x_wconf 87' lang='grc' dir='ltr'><strong><em>χαῖρε,</em></strong></span> <span class='ocrx_word' id='word_1_6' title='bbox 807 277 1055 368; x_wconf 82' lang='grc' dir='ltr'><strong><em>πατρὸς</em></strong></span> <span class='ocrx_word' id='word_1_7' title='bbox 1079 275 1289 367; x_wconf 84' lang='grc' dir='ltr'><strong><em>μνῆμ’</em></strong></span> <span class='ocrx_word' id='word_1_8' title='bbox 1312 301 1327 316; x_wconf 87' lang='grc'><em>·</em></span> <span class='ocrx_word' id='word_1_9' title='bbox 1372 273 1480 347; x_wconf 79' lang='grc' dir='ltr'><strong><em>ἐπ’</em></strong></span> <span class='ocrx_word' id='word_1_10' title='bbox 1512 278 1797 359; x_wconf 80' lang='grc' dir='ltr'><strong><em>ἐξόδοισι</em></strong></span> <span class='ocrx_word' id='word_1_11' title='bbox 1827 279 1956 370; x_wconf 83' lang='grc' dir='ltr'><strong><em>γὰρ</em></strong></span> <span class='ocrx_word' id='word_1_12' title='bbox 2065 304 2075 348; x_wconf 84' lang='grc'><strong>1</strong></span> <span class='ocrx_word' id='word_1_13' title='bbox 2101 300 2185 352; x_wconf 63' lang='grc' dir='ltr'><strong><em>Ιῌῇ.</em></strong></span> 
     </span>
     <span class='ocr_line' id='line_1_3' title="bbox 403 377 2017 472; baseline -0.002 -15"><span class='ocrx_word' id='word_1_14' title='bbox 403 393 670 472; x_wconf 82' lang='grc' dir='ltr'><strong><em>ἔθαψα,</em></strong></span> <span class='ocrx_word' id='word_1_15' title='bbox 702 388 1024 471; x_wconf 79' lang='grc' dir='ltr'><em>Πρωτεῦ,</em></span> <span class='ocrx_word' id='word_1_16' title='bbox 1058 377 1122 449; x_wconf 89' lang='grc' dir='ltr'><strong><em>σ’</em></strong></span> <span class='ocrx_word' id='word_1_17' title='bbox 1161 377 1340 450; x_wconf 79' lang='grc' dir='ltr'><strong><em>ἕνεκ’</em></strong></span> <span class='ocrx_word' id='word_1_18' title='bbox 1373 384 1530 471; x_wconf 81' lang='grc' dir='ltr'><strong><em>ἐμῆς</em></strong></span> <span class='ocrx_word' id='word_1_19' title='bbox 1557 381 2017 471; x_wconf 68' lang='grc' dir='ltr'><strong><em>προσρήσεως*</em></strong></span> 
     </span>
     <span class='ocr_line' id='line_1_4' title="bbox 400 480 1624 571; baseline -0.005 -14"><span class='ocrx_word' id='word_1_20' title='bbox 400 485 507 557; x_wconf 76' lang='grc' dir='ltr'><strong><em>ἀεὶ</em></strong></span> <span class='ocrx_word' id='word_1_21' title='bbox 536 488 615 557; x_wconf 89' lang='grc' dir='ltr'><strong><em>δέ</em></strong></span> <span class='ocrx_word' id='word_1_22' title='bbox 637 483 701 555; x_wconf 88' lang='grc' dir='ltr'><strong><em>σ’</em></strong></span> <span class='ocrx_word' id='word_1_23' title='bbox 743 482 937 568; x_wconf 79' lang='grc' dir='ltr'><strong><em>ἐξιῶν</em></strong></span> <span class='ocrx_word' id='word_1_24' title='bbox 964 510 1035 552; x_wconf 89' lang='grc' dir='ltr'><strong><em>τε</em></strong></span> <span class='ocrx_word' id='word_1_25' title='bbox 1065 480 1340 553; x_wconf 80' lang='grc' dir='ltr'><strong><em>κείσιῶν</em></strong></span> <span class='ocrx_word' id='word_1_26' title='bbox 1373 481 1624 571; x_wconf 79' lang='grc' dir='ltr'><strong><em>δόμους</em></strong></span> 
     </span>
     <span class='ocr_line' id='line_1_5' title="bbox 402 579 1940 677; baseline -0.002 -18"><span class='ocrx_word' id='word_1_27' title='bbox 402 579 865 677; x_wconf 81' lang='grc' dir='ltr'><strong><em>Θεοκλύμενος</em></strong></span> <span class='ocrx_word' id='word_1_28' title='bbox 893 600 1048 666; x_wconf 86' lang='grc' dir='ltr'><strong><em>παῖς</em></strong></span> <span class='ocrx_word' id='word_1_29' title='bbox 1077 582 1195 656; x_wconf 87' lang='grc' dir='ltr'><strong><em>οδε</em></strong></span> <span class='ocrx_word' id='word_1_30' title='bbox 1222 585 1683 674; x_wconf 78' lang='grc' dir='ltr'><strong><em>προσεννέπει,</em></strong></span> <span class='ocrx_word' id='word_1_31' title='bbox 1715 587 1940 676; x_wconf 90' lang='grc' dir='ltr'><strong><em>πάτερ.</em></strong></span> 
     </span>
     <span class='ocr_line' id='line_1_6' title="bbox 401 679 1981 812; baseline -0.003 -50"><span class='ocrx_word' id='word_1_32' title='bbox 401 689 594 780; x_wconf 83' lang='grc' dir='ltr'><strong><em>ὑμεῖς</em></strong></span> <span class='ocrx_word' id='word_1_33' title='bbox 619 691 745 779; x_wconf 70' lang='grc' dir='ltr'><strong><em>μὲν</em></strong></span> <span class='ocrx_word' id='word_1_34' title='bbox 772 679 900 758; x_wconf 79' lang='grc' dir='ltr'><strong><em>οὖν</em></strong></span> <span class='ocrx_word' id='word_1_35' title='bbox 926 686 1137 769; x_wconf 89' lang='grc' dir='ltr'><strong><em>κύνας</em></strong></span> <span class='ocrx_word' id='word_1_36' title='bbox 1168 715 1240 758; x_wconf 90' lang='grc' dir='ltr'><strong><em>τε</em></strong></span> <span class='ocrx_word' id='word_1_37' title='bbox 1268 689 1380 757; x_wconf 84' lang='grc' dir='ltr'><strong><em>καὶ</em></strong></span> <span class='ocrx_word' id='word_1_38' title='bbox 1408 694 1647 777; x_wconf 90' lang='grc' dir='ltr'><strong><em>θηρῶν</em></strong></span> <span class='ocrx_word' id='word_1_39' title='bbox 1676 689 1981 812; x_wconf 77' lang='grc' dir='ltr'><strong><em>βρόχους</em></strong></span> 
     </span>
     <span class='ocr_line' id='line_1_7' title="bbox 401 787 2189 882; baseline -0.005 -18"><span class='ocrx_word' id='word_1_40' title='bbox 401 800 652 882; x_wconf 87' lang='grc' dir='ltr'><strong><em>δμῶες,</em></strong></span> <span class='ocrx_word' id='word_1_41' title='bbox 686 787 978 879; x_wconf 74' lang='grc' dir='ltr'><strong><em>κομίζετ’</em></strong></span> <span class='ocrx_word' id='word_1_42' title='bbox 1024 796 1118 870; x_wconf 81' lang='grc' dir='ltr'><strong><em>είς</em></strong></span> <span class='ocrx_word' id='word_1_43' title='bbox 1148 790 1396 878; x_wconf 83' lang='grc' dir='ltr'><strong><em>δόμους</em></strong></span> <span class='ocrx_word' id='word_1_44' title='bbox 1427 792 1872 880; x_wconf 84' lang='grc' dir='ltr'><strong><em>τυραννικούς</em></strong></span> <span class='ocrx_word' id='word_1_45' title='bbox 1891 816 1904 829; x_wconf 91' lang='grc'><em>·</em></span> <span class='ocrx_word' id='word_1_46' title='bbox 2065 812 2189 860; x_wconf 61' lang='lat' dir='ltr'><strong><em>mm</em></strong></span> 
     </span>
     <span class='ocr_line' id='line_1_8' title="bbox 402 890 1753 984; baseline -0.005 -19"><span class='ocrx_word' id='word_1_47' title='bbox 402 894 535 984; x_wconf 73' lang='grc' dir='ltr'><strong><em>ἐγώ</em></strong></span> <span class='ocrx_word' id='word_1_48' title='bbox 566 892 631 964; x_wconf 84' lang='grc' dir='ltr'><strong><em>δ’</em></strong></span> <span class='ocrx_word' id='word_1_49' title='bbox 665 892 957 983; x_wconf 81' lang='grc' dir='ltr'><strong><em>ἐμαυτὸν</em></strong></span> <span class='ocrx_word' id='word_1_50' title='bbox 985 890 1177 963; x_wconf 89' lang='grc' dir='ltr'><strong><em>πόλλ’</em></strong></span> <span class='ocrx_word' id='word_1_51' title='bbox 1213 890 1609 980; x_wconf 78' lang='grc' dir='ltr'><strong><em>ἐλοιδόρησα</em></strong></span> <span class='ocrx_word' id='word_1_52' title='bbox 1636 891 1753 978; x_wconf 90' lang='grc' dir='ltr'><strong><em>δη·</em></strong></span> 
     </span>
     <span class='ocr_line' id='line_1_9' title="bbox 401 988 1922 1088; baseline -0.004 -21"><span class='ocrx_word' id='word_1_53' title='bbox 401 994 487 1067; x_wconf 81' lang='grc' dir='ltr'><strong><em>οὐ</em></strong></span> <span class='ocrx_word' id='word_1_54' title='bbox 515 997 643 1086; x_wconf 90' lang='grc' dir='ltr'><strong><em>γάρ</em></strong></span> <span class='ocrx_word' id='word_1_55' title='bbox 674 1023 737 1066; x_wconf 92' lang='grc' dir='ltr'><strong><em>τι</em></strong></span> <span class='ocrx_word' id='word_1_56' title='bbox 765 995 1042 1088; x_wconf 77' lang='grc' dir='ltr'><strong><em>θανάτῳ</em></strong></span> <span class='ocrx_word' id='word_1_57' title='bbox 1071 993 1230 1077; x_wconf 81' lang='grc' dir='ltr'><strong><em>τούς</em></strong></span> <span class='ocrx_word' id='word_1_58' title='bbox 1262 992 1515 1074; x_wconf 80' lang='grc' dir='ltr'><strong><em>κακοὺς</em></strong></span> <span class='ocrx_word' id='word_1_59' title='bbox 1540 988 1922 1082; x_wconf 78' lang='grc' dir='ltr'><strong><em>κολάζομεν.</em></strong></span> 
     </span>
     <span class='ocr_line' id='line_1_10' title="bbox 400 1093 1908 1187; baseline -0.004 -18"><span class='ocrx_word' id='word_1_60' title='bbox 400 1101 513 1169; x_wconf 84' lang='grc' dir='ltr'><strong><em>καὶ</em></strong></span> <span class='ocrx_word' id='word_1_61' title='bbox 544 1105 673 1168; x_wconf 83' lang='grc' dir='ltr'><strong><em>νῦν</em></strong></span> <span class='ocrx_word' id='word_1_62' title='bbox 701 1100 1043 1186; x_wconf 80' lang='grc' dir='ltr'><strong><em>πέπυσμάι</em></strong></span> <span class='ocrx_word' id='word_1_63' title='bbox 1070 1093 1370 1187; x_wconf 84' lang='grc' dir='ltr'><strong><em>φανερὸν</em></strong></span> <span class='ocrx_word' id='word_1_64' title='bbox 1393 1093 1730 1184; x_wconf 84' lang='grc' dir='ltr'><strong><em>Ἑλλήνων</em></strong></span> <span class='ocrx_word' id='word_1_65' title='bbox 1760 1095 1908 1166; x_wconf 80' lang='grc' dir='ltr'><strong><em>τινὰ</em></strong></span> 
     </span>
     <span class='ocr_line' id='line_1_11' title="bbox 404 1196 1852 1290; baseline -0.003 -19"><span class='ocrx_word' id='word_1_66' title='bbox 404 1207 501 1282; x_wconf 82' lang='grc' dir='ltr'><strong><em>είς</em></strong></span> <span class='ocrx_word' id='word_1_67' title='bbox 528 1208 658 1290; x_wconf 84' lang='grc' dir='ltr'><strong><em>γῆν</em></strong></span> <span class='ocrx_word' id='word_1_68' title='bbox 688 1196 977 1288; x_wconf 78' lang='grc' dir='ltr'><strong><em>ἀφῖχθαι</em></strong></span> <span class='ocrx_word' id='word_1_69' title='bbox 1005 1201 1118 1268; x_wconf 83' lang='grc' dir='ltr'><strong><em>καὶ</em></strong></span> <span class='ocrx_word' id='word_1_70' title='bbox 1147 1200 1509 1287; x_wconf 83' lang='grc' dir='ltr'><strong><em>λεληθέναι</em></strong></span> <span class='ocrx_word' id='word_1_71' title='bbox 1542 1198 1852 1285; x_wconf 88' lang='grc' dir='ltr'><strong><em>σκοπούς,</em></strong></span> 
     </span>
     <span class='ocr_line' id='line_1_12' title="bbox 403 1297 2185 1391; baseline -0.003 -18"><span class='ocrx_word' id='word_1_72' title='bbox 403 1300 551 1391; x_wconf 83' lang='grc' dir='ltr'><strong><em>ἤτοι</em></strong></span> <span class='ocrx_word' id='word_1_73' title='bbox 578 1303 914 1390; x_wconf 78' lang='grc' dir='ltr'><strong><em>κατόπτην</em></strong></span> <span class='ocrx_word' id='word_1_74' title='bbox 939 1297 983 1390; x_wconf 77' lang='grc' dir='ltr'><strong><em>ἦ</em></strong></span> <span class='ocrx_word' id='word_1_75' title='bbox 1013 1310 1292 1382; x_wconf 81' lang='grc' dir='ltr'><strong><em>κλοπαῖς</em></strong></span> <span class='ocrx_word' id='word_1_76' title='bbox 1321 1300 1725 1389; x_wconf 75' lang='grc' dir='ltr'><strong><em>θηρώμενον</em></strong></span> <span class='ocrx_word' id='word_1_77' title='bbox 2065 1316 2185 1368; x_wconf 52' lang='grc' dir='ltr'><strong><em>ι1ῗίι</em></strong></span> 
     </span>
     <span class='ocr_line' id='line_1_13' title="bbox 395 1399 2021 1494; baseline -0.002 -20"><span class='ocrx_word' id='word_1_78' title='bbox 395 1402 701 1494; x_wconf 80' lang='grc' dir='ltr'><strong><em>Ἑλένην·</em></strong></span> <span class='ocrx_word' id='word_1_79' title='bbox 731 1416 1042 1475; x_wconf 77' lang='grc' dir='ltr'><strong><em>θανεῖται</em></strong></span> <span class='ocrx_word' id='word_1_80' title='bbox 1072 1400 1163 1490; x_wconf 89' lang='grc' dir='ltr'><strong><em>δ’,</em></strong></span> <span class='ocrx_word' id='word_1_81' title='bbox 1196 1399 1282 1491; x_wconf 79' lang='grc' dir='ltr'><strong><em>ἥν</em></strong></span> <span class='ocrx_word' id='word_1_82' title='bbox 1308 1431 1386 1492; x_wconf 88' lang='grc' dir='ltr'><strong><em>γε</em></strong></span> <span class='ocrx_word' id='word_1_83' title='bbox 1414 1402 1498 1491; x_wconf 85' lang='grc' dir='ltr'><strong><em>δὴ</em></strong></span> <span class='ocrx_word' id='word_1_84' title='bbox 1531 1409 1766 1493; x_wconf 84' lang='grc' dir='ltr'><strong><em>ληφθῇ</em></strong></span> <span class='ocrx_word' id='word_1_85' title='bbox 1794 1403 2021 1492; x_wconf 67' lang='grc' dir='ltr'><strong><em>μόνον,</em></strong></span> 
     </span>
     <span class='ocr_line' id='line_1_14' title="bbox 405 1514 511 1577; baseline -0.009 0"><span class='ocrx_word' id='word_1_86' title='bbox 405 1514 511 1577; x_wconf 80' lang='grc' dir='ltr'><strong><em>ἔα·</em></strong></span> 
     </span>
     <span class='ocr_line' id='line_1_15' title="bbox 405 1605 1766 1698; baseline -0.001 -21"><span class='ocrx_word' id='word_1_87' title='bbox 405 1605 580 1696; x_wconf 82' lang='grc' dir='ltr'><strong><em>ἀλλ’,</em></strong></span> <span class='ocrx_word' id='word_1_88' title='bbox 611 1605 701 1689; x_wconf 77' lang='grc' dir='ltr'><strong><em>ὥς</em></strong></span> <span class='ocrx_word' id='word_1_89' title='bbox 732 1615 941 1695; x_wconf 84' lang='grc' dir='ltr'><strong><em>ἔοικε,</em></strong></span> <span class='ocrx_word' id='word_1_90' title='bbox 970 1607 1187 1678; x_wconf 90' lang='grc' dir='ltr'><strong><em>πάντα</em></strong></span> <span class='ocrx_word' id='word_1_91' title='bbox 1215 1609 1766 1698; x_wconf 77' lang='grc' dir='ltr'><strong><em>διαπεπραγμένα</em></strong></span> 
     </span>
     <span class='ocr_line' id='line_1_16' title="bbox 283 1705 1918 1800; baseline -0.001 -20"><span class='ocrx_word' id='word_1_92' title='bbox 283 1790 294 1796; x_wconf 23' lang='grc' dir='ltr'><em>φ</em></span> <span class='ocrx_word' id='word_1_93' title='bbox 394 1732 689 1799; x_wconf 84' lang='grc' dir='ltr'><strong><em>ηυρηκα·</em></strong></span> <span class='ocrx_word' id='word_1_94' title='bbox 727 1708 992 1799; x_wconf 85' lang='grc' dir='ltr'><strong><em>τύμβου</em></strong></span> <span class='ocrx_word' id='word_1_95' title='bbox 1020 1709 1148 1800; x_wconf 80' lang='grc' dir='ltr'><strong><em>γὰρ</em></strong></span> <span class='ocrx_word' id='word_1_96' title='bbox 1178 1709 1378 1791; x_wconf 81' lang='grc' dir='ltr'><strong><em>κενὰς</em></strong></span> <span class='ocrx_word' id='word_1_97' title='bbox 1406 1705 1676 1780; x_wconf 84' lang='grc' dir='ltr'><strong><em>λιποῦσ’</em></strong></span> <span class='ocrx_word' id='word_1_98' title='bbox 1720 1712 1918 1799; x_wconf 86' lang='grc' dir='ltr'><strong><em>εδρας</em></strong></span> 
     </span>
     <span class='ocr_line' id='line_1_17' title="bbox 405 1809 1917 1936; baseline 0.001 -55"><span class='ocrx_word' id='word_1_99' title='bbox 405 1809 457 1936; x_wconf 57' lang='grc' dir='ltr'><strong><em>ἡ,</em></strong></span> <span class='ocrx_word' id='word_1_100' title='bbox 488 1813 824 1902; x_wconf 85' lang='grc' dir='ltr'><strong><em>Τυνδαρὶς</em></strong></span> <span class='ocrx_word' id='word_1_101' title='bbox 853 1826 1007 1892; x_wconf 86' lang='grc' dir='ltr'><strong><em>παῖς</em></strong></span> <span class='ocrx_word' id='word_1_102' title='bbox 1037 1810 1621 1902; x_wconf 80' lang='grc' dir='ltr'><strong><em>ἐκπεπόρθμευται</em></strong></span> <span class='ocrx_word' id='word_1_103' title='bbox 1651 1811 1917 1901; x_wconf 87' lang='grc' dir='ltr'><strong><em>χθονός.</em></strong></span> 
     </span>
     <span class='ocr_line' id='line_1_18' title="bbox 407 1902 2189 2039; baseline -0.002 -54"><span class='ocrx_word' id='word_1_104' title='bbox 407 1911 541 2039; x_wconf 57' lang='lat' dir='ltr'><strong><em>dvj,</em></strong></span> <span class='ocrx_word' id='word_1_105' title='bbox 568 1921 809 2002; x_wconf 84' lang='grc' dir='ltr'><strong><em>χαλᾶτε</em></strong></span> <span class='ocrx_word' id='word_1_106' title='bbox 838 1920 1139 2006; x_wconf 79' lang='grc' dir='ltr'><strong><em>κλῇθρα·</em></strong></span> <span class='ocrx_word' id='word_1_107' title='bbox 1178 1910 1375 1984; x_wconf 84' lang='grc' dir='ltr'><strong><em>λύεθ’</em></strong></span> <span class='ocrx_word' id='word_1_108' title='bbox 1411 1902 1688 1994; x_wconf 81' lang='grc' dir='ltr'><strong><em>ίππικας</em></strong></span> <span class='ocrx_word' id='word_1_109' title='bbox 2065 1936 2189 1984; x_wconf 54' lang='lat'><strong><em>112-311</em></strong></span> 
     </span>
     <span class='ocr_line' id='line_1_19' title="bbox 403 2012 1778 2106; baseline -0.001 -19"><span class='ocrx_word' id='word_1_110' title='bbox 403 2015 695 2106; x_wconf 87' lang='grc' dir='ltr'><strong><em>φάτνας,</em></strong></span> <span class='ocrx_word' id='word_1_111' title='bbox 725 2014 1000 2104; x_wconf 85' lang='grc' dir='ltr'><strong><em>ὀπαδοί,</em></strong></span> <span class='ocrx_word' id='word_1_112' title='bbox 1030 2012 1464 2105; x_wconf 75' lang='grc' dir='ltr'><strong><em>κάκκομίζεθ’</em></strong></span> <span class='ocrx_word' id='word_1_113' title='bbox 1498 2042 1778 2104; x_wconf 90' lang='grc' dir='ltr'><strong><em>αρματα,</em></strong></span> 
     </span>
     <span class='ocr_line' id='line_1_20' title="bbox 406 2115 1756 2209; baseline 0 -22"><span class='ocrx_word' id='word_1_114' title='bbox 406 2115 496 2199; x_wconf 83' lang='grc' dir='ltr'><strong><em>ῶς</em></strong></span> <span class='ocrx_word' id='word_1_115' title='bbox 524 2146 610 2189; x_wconf 91' lang='grc' dir='ltr'><strong><em>αν</em></strong></span> <span class='ocrx_word' id='word_1_116' title='bbox 638 2117 855 2190; x_wconf 89' lang='grc' dir='ltr'><strong><em>πόνου</em></strong></span> <span class='ocrx_word' id='word_1_117' title='bbox 887 2116 954 2207; x_wconf 86' lang='grc' dir='ltr'><strong><em>γ’</em></strong></span> <span class='ocrx_word' id='word_1_118' title='bbox 989 2121 1173 2189; x_wconf 88' lang='grc' dir='ltr'><strong><em>εκατι</em></strong></span> <span class='ocrx_word' id='word_1_119' title='bbox 1199 2117 1290 2209; x_wconf 84' lang='grc' dir='ltr'><strong><em>μὴ</em></strong></span> <span class='ocrx_word' id='word_1_120' title='bbox 1319 2119 1498 2207; x_wconf 81' lang='grc' dir='ltr'><strong><em>λάθῃ</em></strong></span> <span class='ocrx_word' id='word_1_121' title='bbox 1525 2145 1607 2207; x_wconf 88' lang='grc' dir='ltr'><strong><em>με</em></strong></span> <span class='ocrx_word' id='word_1_122' title='bbox 1634 2124 1756 2206; x_wconf 87' lang='grc' dir='ltr'><strong><em>γῆς</em></strong></span> 
     </span>
     <span class='ocr_line' id='line_1_21' title="bbox 405 2211 1819 2310; baseline -0.001 -20"><span class='ocrx_word' id='word_1_123' title='bbox 405 2217 598 2309; x_wconf 82' lang='grc' dir='ltr'><strong><em>τῆσδ’</em></strong></span> <span class='ocrx_word' id='word_1_124' title='bbox 633 2218 1091 2310; x_wconf 80' lang='grc' dir='ltr'><strong><em>ἐκκομισθεῑσ’</em></strong></span> <span class='ocrx_word' id='word_1_125' title='bbox 1126 2218 1396 2309; x_wconf 77' lang='grc' dir='ltr'><strong><em>ἄλοχος,</em></strong></span> <span class='ocrx_word' id='word_1_126' title='bbox 1421 2211 1501 2309; x_wconf 82' lang='grc' dir='ltr'><strong><em>ἧς</em></strong></span> <span class='ocrx_word' id='word_1_127' title='bbox 1530 2223 1819 2309; x_wconf 82' lang='grc' dir='ltr'><strong><em>ἐφίεμαι.</em></strong></span> 
     </span>
     <span class='ocr_line' id='line_1_22' title="bbox 405 2318 1678 2415; baseline 0 -24"><span class='ocrx_word' id='word_1_128' title='bbox 405 2320 693 2410; x_wconf 80' lang='grc' dir='ltr'><strong><em>ἐπίσχετ’</em></strong></span> <span class='ocrx_word' id='word_1_129' title='bbox 715 2346 730 2360; x_wconf 90' lang='grc'><em>·</em></span> <span class='ocrx_word' id='word_1_130' title='bbox 764 2328 1002 2412; x_wconf 75' lang='grc' dir='ltr'><strong><em>εἰσορῶ</em></strong></span> <span class='ocrx_word' id='word_1_131' title='bbox 1031 2321 1162 2415; x_wconf 80' lang='grc' dir='ltr'><strong><em>γὰρ</em></strong></span> <span class='ocrx_word' id='word_1_132' title='bbox 1193 2319 1313 2404; x_wconf 78' lang='grc' dir='ltr'><strong><em>οὕς</em></strong></span> <span class='ocrx_word' id='word_1_133' title='bbox 1343 2318 1678 2412; x_wconf 80' lang='grc' dir='ltr'><strong><em>διῶκομεν</em></strong></span> 
     </span>
     <span class='ocr_line' id='line_1_23' title="bbox 405 2422 2185 2514; baseline -0.001 -20"><span class='ocrx_word' id='word_1_134' title='bbox 405 2425 741 2514; x_wconf 84' lang='grc' dir='ltr'><strong><em>παρόντας</em></strong></span> <span class='ocrx_word' id='word_1_135' title='bbox 769 2428 842 2494; x_wconf 82' lang='grc' dir='ltr'><strong><em>ἐν</em></strong></span> <span class='ocrx_word' id='word_1_136' title='bbox 872 2424 1135 2513; x_wconf 88' lang='grc' dir='ltr'><strong><em>δόμοισι</em></strong></span> <span class='ocrx_word' id='word_1_137' title='bbox 1163 2422 1290 2495; x_wconf 79' lang='grc' dir='ltr'><strong><em>κού</em></strong></span> <span class='ocrx_word' id='word_1_138' title='bbox 1319 2425 1760 2514; x_wconf 83' lang='grc' dir='ltr'><strong><em>πεφευγότας.</em></strong></span> <span class='ocrx_word' id='word_1_139' title='bbox 2065 2445 2185 2497; x_wconf 59' lang='lat'><strong><em>1133</em></strong></span> 
     </span>
     <span class='ocr_line' id='line_1_24' title="bbox 406 2521 1823 2615; baseline 0.002 -21"><span class='ocrx_word' id='word_1_140' title='bbox 406 2521 612 2615; x_wconf 74' lang='grc' dir='ltr'><strong><em>αὕτη,</em></strong></span> <span class='ocrx_word' id='word_1_141' title='bbox 642 2534 714 2596; x_wconf 91' lang='grc' dir='ltr'><strong><em>τί</em></strong></span> <span class='ocrx_word' id='word_1_142' title='bbox 740 2529 1034 2608; x_wconf 80' lang='grc' dir='ltr'><strong><em>πέπλους</em></strong></span> <span class='ocrx_word' id='word_1_143' title='bbox 1066 2529 1354 2615; x_wconf 79' lang='grc' dir='ltr'><strong><em>μέλανας</em></strong></span> <span class='ocrx_word' id='word_1_144' title='bbox 1382 2526 1599 2614; x_wconf 78' lang='grc' dir='ltr'><strong><em>ἐξήψω</em></strong></span> <span class='ocrx_word' id='word_1_145' title='bbox 1627 2525 1823 2615; x_wconf 80' lang='grc' dir='ltr'><strong><em>χροὸς</em></strong></span> 
     </span>
     <span class='ocr_line' id='line_1_25' title="bbox 406 2624 1854 2718; baseline 0.001 -22"><span class='ocrx_word' id='word_1_146' title='bbox 406 2635 673 2699; x_wconf 89' lang='grc' dir='ltr'><strong><em>λευκῶν</em></strong></span> <span class='ocrx_word' id='word_1_147' title='bbox 703 2624 1021 2717; x_wconf 77' lang='grc' dir='ltr'><strong><em>ἅμείψασ’</em></strong></span> <span class='ocrx_word' id='word_1_148' title='bbox 1054 2636 1128 2699; x_wconf 84' lang='grc' dir='ltr'><strong><em>ἔκ</em></strong></span> <span class='ocrx_word' id='word_1_149' title='bbox 1156 2655 1227 2698; x_wconf 88' lang='grc' dir='ltr'><strong><em>τε</em></strong></span> <span class='ocrx_word' id='word_1_150' title='bbox 1256 2627 1497 2718; x_wconf 83' lang='grc' dir='ltr'><strong><em>κρατὸς</em></strong></span> <span class='ocrx_word' id='word_1_151' title='bbox 1533 2624 1854 2715; x_wconf 78' lang='grc' dir='ltr'><strong><em>εὐγενοῦς</em></strong></span> 
     </span>
     <span class='ocr_line' id='line_1_26' title="bbox 403 2727 1719 2821; baseline 0 -24"><span class='ocrx_word' id='word_1_152' title='bbox 403 2728 611 2818; x_wconf 83' lang='grc' dir='ltr'><strong><em>κόμας</em></strong></span> <span class='ocrx_word' id='word_1_153' title='bbox 637 2737 923 2821; x_wconf 87' lang='grc' dir='ltr'><strong><em>σίδηρον</em></strong></span> <span class='ocrx_word' id='word_1_154' title='bbox 950 2727 1314 2821; x_wconf 81' lang='grc' dir='ltr'><strong><em>ἐμβαλοῦσ’</em></strong></span> <span class='ocrx_word' id='word_1_155' title='bbox 1348 2728 1719 2820; x_wconf 82' lang='grc' dir='ltr'><strong><em>ἀπέθρισας</em></strong></span> 
     </span>
     <span class='ocr_line' id='line_1_27' title="bbox 402 2830 1863 2925; baseline 0.003 -25"><span class='ocrx_word' id='word_1_156' title='bbox 402 2840 687 2922; x_wconf 77' lang='grc' dir='ltr'><strong><em>χλωροῖς</em></strong></span> <span class='ocrx_word' id='word_1_157' title='bbox 712 2858 786 2902; x_wconf 90' lang='grc' dir='ltr'><strong><em>τε</em></strong></span> <span class='ocrx_word' id='word_1_158' title='bbox 811 2833 1066 2921; x_wconf 85' lang='grc' dir='ltr'><strong><em>τέγγεις</em></strong></span> <span class='ocrx_word' id='word_1_159' title='bbox 1094 2832 1382 2924; x_wconf 89' lang='grc' dir='ltr'><strong><em>δάκρυσι</em></strong></span> <span class='ocrx_word' id='word_1_160' title='bbox 1408 2830 1536 2922; x_wconf 82' lang='grc' dir='ltr'><strong><em>σὴν</em></strong></span> <span class='ocrx_word' id='word_1_161' title='bbox 1567 2840 1863 2925; x_wconf 88' lang='grc' dir='ltr'><strong><em>παρηίδα</em></strong></span> 
     </span>
     <span class='ocr_line' id='line_1_28' title="bbox 404 2930 2189 3025; baseline 0.002 -23"><span class='ocrx_word' id='word_1_162' title='bbox 404 2939 765 3017; x_wconf 67' lang='grc' dir='ltr'><strong><em>κλαίουσας</em></strong></span> <span class='ocrx_word' id='word_1_163' title='bbox 792 2930 1081 3025; x_wconf 87' lang='grc' dir='ltr'><strong><em>πότερον</em></strong></span> <span class='ocrx_word' id='word_1_164' title='bbox 1108 2935 1416 3025; x_wconf 80' lang='grc' dir='ltr'><strong><em>ἐννύχοις</em></strong></span> <span class='ocrx_word' id='word_1_165' title='bbox 1443 2939 1833 3025; x_wconf 88' lang='grc' dir='ltr'><strong><em>σεσεισμένη</em></strong></span> <span class='ocrx_word' id='word_1_166' title='bbox 2069 2957 2189 3005; x_wconf 64' lang='lat' dir='ltr'><strong><em>[ms]</em></strong></span> 
     </span>
     <span class='ocr_line' id='line_1_29' title="bbox 412 3032 1812 3127; baseline 0.004 -23"><span class='ocrx_word' id='word_1_167' title='bbox 412 3036 665 3119; x_wconf 85' lang='grc' dir='ltr'><strong><em>στένεις</em></strong></span> <span class='ocrx_word' id='word_1_168' title='bbox 696 3032 1021 3126; x_wconf 84' lang='grc' dir='ltr'><strong><em>ὀνείροις,</em></strong></span> <span class='ocrx_word' id='word_1_169' title='bbox 1054 3032 1099 3126; x_wconf 80' lang='grc' dir='ltr'><strong><em>ἦ</em></strong></span> <span class='ocrx_word' id='word_1_170' title='bbox 1126 3038 1334 3127; x_wconf 89' lang='grc' dir='ltr'><strong><em>φάτιν</em></strong></span> <span class='ocrx_word' id='word_1_171' title='bbox 1365 3033 1499 3108; x_wconf 89' lang='grc' dir='ltr'><strong><em>τιν’</em></strong></span> <span class='ocrx_word' id='word_1_172' title='bbox 1533 3046 1812 3110; x_wconf 77' lang='grc' dir='ltr'><strong><em>οἴκοθεν</em></strong></span> 
     </span>
     <span class='ocr_line' id='line_1_30' title="bbox 406 3136 1822 3230; baseline 0.004 -25"><span class='ocrx_word' id='word_1_173' title='bbox 406 3136 709 3209; x_wconf 88' lang='grc' dir='ltr'><strong><em>κλύουσα</em></strong></span> <span class='ocrx_word' id='word_1_174' title='bbox 736 3138 920 3230; x_wconf 81' lang='grc' dir='ltr'><strong><em>λύπῃ</em></strong></span> <span class='ocrx_word' id='word_1_175' title='bbox 946 3138 1069 3220; x_wconf 77' lang='grc' dir='ltr'><strong><em>σάς</em></strong></span> <span class='ocrx_word' id='word_1_176' title='bbox 1095 3141 1514 3230; x_wconf 84' lang='grc' dir='ltr'><strong><em>διέφθαρσαι</em></strong></span> <span class='ocrx_word' id='word_1_177' title='bbox 1539 3142 1822 3230; x_wconf 76' lang='grc' dir='ltr'><strong><em>φρένας;</em></strong></span> 
     </span>
     <span class='ocr_line' id='line_1_31' title="bbox 170 3230 1918 3332; baseline 0.003 -24"><span class='ocrx_word' id='word_1_178' title='bbox 170 3245 313 3309; x_wconf 88' lang='grc' dir='ltr'><strong><em>ΕΛ.</em></strong></span> <span class='ocrx_word' id='word_1_179' title='bbox 398 3230 456 3308; x_wconf 81' lang='grc' dir='ltr'><strong><em>ῶ</em></strong></span> <span class='ocrx_word' id='word_1_180' title='bbox 486 3238 784 3329; x_wconf 89' lang='grc' dir='ltr'><strong><em>δέσποτ’,</em></strong></span> <span class='ocrx_word' id='word_1_181' title='bbox 815 3238 947 3330; x_wconf 81' lang='grc' dir='ltr'><strong><em>ἤδη</em></strong></span> <span class='ocrx_word' id='word_1_182' title='bbox 975 3240 1105 3330; x_wconf 80' lang='grc' dir='ltr'><strong><em>γὰρ</em></strong></span> <span class='ocrx_word' id='word_1_183' title='bbox 1136 3238 1279 3312; x_wconf 90' lang='grc' dir='ltr'><strong><em>τόδ’</em></strong></span> <span class='ocrx_word' id='word_1_184' title='bbox 1313 3237 1613 3332; x_wconf 75' lang='grc' dir='ltr'><strong><em>ὀνομάζω</em></strong></span> <span class='ocrx_word' id='word_1_185' title='bbox 1642 3241 1706 3312; x_wconf 79' lang='grc' dir='ltr'><strong><em>α’</em></strong></span> <span class='ocrx_word' id='word_1_186' title='bbox 1742 3250 1918 3331; x_wconf 83' lang='grc' dir='ltr'><strong><em>ἔπος,</em></strong></span> 
     </span>
     <span class='ocr_line' id='line_1_32' title="bbox 408 3337 1753 3434; baseline 0.004 -24"><span class='ocrx_word' id='word_1_187' title='bbox 408 3337 629 3413; x_wconf 80' lang='grc' dir='ltr'><strong><em>ὄλωλα</em></strong></span> <span class='ocrx_word' id='word_1_188' title='bbox 645 3366 661 3382; x_wconf 92' lang='grc'><em>·</em></span> <span class='ocrx_word' id='word_1_189' title='bbox 691 3348 965 3434; x_wconf 88' lang='grc' dir='ltr'><strong><em>φροῦδα</em></strong></span> <span class='ocrx_word' id='word_1_190' title='bbox 992 3340 1167 3432; x_wconf 76' lang='grc' dir='ltr'><strong><em>τάμὰ</em></strong></span> <span class='ocrx_word' id='word_1_191' title='bbox 1192 3340 1444 3415; x_wconf 79' lang='grc' dir='ltr'><strong><em>κούδέν</em></strong></span> <span class='ocrx_word' id='word_1_192' title='bbox 1470 3341 1602 3434; x_wconf 75' lang='grc' dir='ltr'><strong><em>εἰμ’</em></strong></span> <span class='ocrx_word' id='word_1_193' title='bbox 1637 3352 1753 3416; x_wconf 77' lang='grc' dir='ltr'><strong><em>ἔτι.</em></strong></span> 
     </span>
     <span class='ocr_line' id='line_1_33' title="bbox 174 3444 2189 3539; baseline 0.003 -28"><span class='ocrx_word' id='word_1_194' title='bbox 174 3449 356 3512; x_wconf 62' lang='lat' dir='ltr'><strong><em>&amp;Eo</em></strong></span> <span class='ocrx_word' id='word_1_195' title='bbox 367 3450 441 3513; x_wconf 85' lang='lat' dir='ltr'><strong><em>K.</em></strong></span> <span class='ocrx_word' id='word_1_196' title='bbox 476 3446 552 3514; x_wconf 74' lang='grc' dir='ltr'><strong><em>ἐν</em></strong></span> <span class='ocrx_word' id='word_1_197' title='bbox 578 3451 672 3539; x_wconf 77' lang='grc' dir='ltr'><strong><em>τῷ</em></strong></span> <span class='ocrx_word' id='word_1_198' title='bbox 699 3446 777 3516; x_wconf 74' lang='grc' dir='ltr'><strong><em>δὲ</em></strong></span> <span class='ocrx_word' id='word_1_199' title='bbox 803 3461 1020 3518; x_wconf 81' lang='grc' dir='ltr'><strong><em>κεῖσαι</em></strong></span> <span class='ocrx_word' id='word_1_200' title='bbox 1046 3454 1433 3539; x_wconf 83' lang='grc' dir='ltr'><strong><em>συμφορᾶς;</em></strong></span> <span class='ocrx_word' id='word_1_201' title='bbox 1463 3453 1563 3529; x_wconf 90' lang='grc' dir='ltr'><strong><em>τίς</em></strong></span> <span class='ocrx_word' id='word_1_202' title='bbox 1596 3444 1638 3537; x_wconf 77' lang='grc' dir='ltr'><em>ἡ</em></span> <span class='ocrx_word' id='word_1_203' title='bbox 1664 3447 1866 3536; x_wconf 69' lang='grc' dir='ltr'><strong><em>τύχης</em></strong></span> <span class='ocrx_word' id='word_1_204' title='bbox 2065 3465 2189 3517; x_wconf 57' lang='grc' dir='ltr'><strong><em>ΗΒΓ]</em></strong></span> 
     </span>
    </p>
   </div>
  </div>
 </body>
</html>
