2492 3900
1093 143 1264 201 ΒΑΚ
1266 142 1381 201 ΧΑ
1386 143 1424 199 I
1650 141 1671 157 '⁸
2110 140 2226 207 125

445 319 624 396 ἔλεξε
653 308 865 381 τοιάδ’
895 333 908 346 ·
948 300 1003 379 ὦ
1029 305 1180 396 ξέν’,
1214 299 1300 378 οὗ
1328 310 1453 397 μὲν
1482 312 1786 399 ἕσταμεν,

446 413 572 487 οὐκ
601 417 986 500 ἐξικνοῦμαι
1013 411 1398 481 Μαινάδων
1430 412 1594 479 ὅσον
1630 416 1821 479 ποθῶ
1840 430 1854 443 ·
2096 434 2231 489 1060

444 516 658 605 ὄχθον
685 512 751 586 δ’
795 510 1086 603 ἐπεμβὰς
1113 509 1162 601 ἦ
1185 514 1427 602 ἐλάτην
1453 511 1807 602 ὑψαύχενα

445 617 644 707 ἴδοιμ’
679 616 766 687 ἂν
791 613 1020 706 ὀρθῶς
1047 614 1432 687 Μαινάδων
1460 624 1965 707 αἰσχρουργίαν.

446 719 867 793 τούντεῦθεν
898 717 1028 808 ἤδη
1056 725 1177 789 τοῦ
1205 721 1404 800 ξένου
1433 720 1790 809 θαυμάσθ’
1830 720 1994 811 ὁρῶ·

447 822 692 913 λαβών·
714 821 842 910 γὰρ
872 821 1106 909 ἐλάτης
1134 819 1459 909 οὐράνιον
1486 820 1701 911 ἄκρον
1730 822 1983 893 κλάδον

447 934 774 1014 κατῆγεν,
803 915 1002 1014 ἦγεν,
1033 914 1200 1011 ἦγεν
1231 930 1325 1005 είς
1352 925 1563 1010 μέλαν
1589 927 1830 995 πέδον·
1954 954 1961 959 ·
2094 944 2229 999 1065

447 1035 778 1098 κυκλοῦτο
809 1021 875 1095 δ’
908 1022 1078 1096 ὥστε
1105 1024 1299 1107 τόξον
1324 1019 1370 1114 ἢ
1396 1024 1641 1114 κυρτὸς
1667 1026 1901 1114 τροχὸς

445 1132 662 1223 τόρνῳ
689 1128 1114 1221 γραφόμενος
1145 1127 1558 1218 περιφοράν,
1590 1128 2030 1219 ἑλικοδρόμον
2048 1153 2061 1167 ·

450 1229 540 1313 ὣς
566 1229 762 1302 κλῶν’
797 1229 1024 1319 ὄρειον
1051 1228 1087 1301 ὁ
1115 1232 1301 1313 ξένος
1328 1244 1557 1320 χεροῖν
1584 1227 1772 1319 ἄγων

448 1341 778 1423 ἔκαμπτεν
810 1340 904 1415 εἰς
934 1340 1098 1421 γῆν,
1130 1328 1391 1422 ἔργματ’
1426 1328 1577 1420 οὐχὶ
1602 1332 1825 1420 θνητὰ
1852 1340 2056 1423 δρῶν.

441 1438 718 1507 Πενθέα
748 1433 816 1506 δ’
853 1435 1134 1525 ἱδρύσας
1163 1438 1489 1505 ἐλατίνων
1526 1432 1696 1518 ὄζων
1726 1442 1856 1521 ἔπι,
2095 1455 2229 1510 1070

447 1536 666 1628 ὀρθὸν
692 1546 920 1627 μεθίει
954 1535 1068 1607 διὰ
1095 1544 1313 1627 χερῶν
1341 1534 1654 1626 βλάστημ’
1689 1535 1832 1607 ἅνω

448 1638 732 1730 ἀτρέμα,
761 1640 1133 1729 φυλάσσων
1163 1638 1255 1727 μὴ
1286 1635 1736 1727 ἀναχαιτίσειέ
1759 1668 1891 1711 νιν.

448 1741 626 1833 ὀρθὴ
656 1740 722 1812 δ’
759 1746 826 1823 ἐς
853 1738 1071 1831 ὀρθὸν
1099 1738 1315 1833 αἰθέρ’
1349 1746 1719 1831 ἐστηρίζετο

450 1854 694 1933 ἔχουσα
721 1843 959 1925 νώτοις
986 1844 1323 1932 δεσπότην
1352 1845 1715 1933 ἐφήμενον.

453 1946 660 2036 ὤφθη
697 1948 773 2018 δὲ
799 1955 1056 2035 μᾶλλον
1082 1941 1127 2036 ἦ
1155 1953 1422 2017 κατεῖδε
1450 1946 1842 2027 Μαινάδας·
2096 1962 2229 2017 1075

452 2048 614 2120 ὅσον
643 2049 771 2139 γὰρ
802 2046 992 2120 οὔπω
1022 2054 1224 2137 δῆλος
1254 2040 1342 2137 ἦν
1371 2048 1655 2118 θάσσων
1680 2045 1846 2137 ἅνω,

457 2155 570 2222 καὶ
603 2150 723 2222 τὸν
755 2153 949 2234 ξένον
980 2152 1105 2239 μὲν
1139 2147 1351 2221 οὐκέτ’
1394 2156 1664 2240 εἰσορᾶν
1696 2158 1942 2239 παρῆν,

458 2259 531 2324 ἐκ
568 2251 632 2323 δ’
673 2255 948 2342 αἰθέρος
985 2253 1182 2342 φωνή
1217 2282 1350 2342 τις,
1388 2250 1479 2334 ὥς
1510 2253 1637 2341 μὲν
1673 2253 1931 2323 εἰκάσαι

457 2357 836 2443 Διόνυσος,
876 2353 1281 2445 ἀνεβόησεν·
1322 2346 1379 2425 αἶ
1410 2355 1739 2443 νεάνιδες,

457 2456 598 2546 ἄγω
632 2455 752 2527 τὸν
789 2454 964 2545 ὑμᾶς
995 2455 1165 2546 κάμὲ
1198 2455 1373 2545 τάμά
1406 2454 1455 2526 τ’
1496 2454 1691 2547 ὄργια
2099 2473 2233 2527 1080

326 2621 336 2626 .
457 2564 675 2648 γέλων
708 2563 1070 2647 τιθέμενον
1089 2583 1103 2596 ·
1144 2557 1314 2629 ἀλλὰ
1350 2561 1761 2647 τιμωρεῖσθέ
1786 2586 1920 2627 νιν.

458 2665 573 2732 καὶ
604 2659 802 2731 ταῦθ’
843 2657 946 2748 ἅμ’
987 2659 1279 2752 ἠγόρευε
1311 2663 1425 2730 καὶ
1460 2659 1629 2750 πρὸς
1661 2657 1963 2750 ούρανὸν

459 2767 573 2834 καὶ
607 2777 809 2852 γαῖαν
843 2763 1139 2854 ἐστήριξε
1176 2773 1321 2852 φῶς
1352 2769 1611 2852 σεμνοῦ
1643 2761 1877 2853 πυρός.

459 2873 692 2953 σίγησε
730 2861 795 2934 δ’
835 2867 1081 2956 αἰθήρ,
1119 2881 1275 2952 σῖγα
1310 2862 1377 2934 δ’
1418 2862 1725 2953 εὔλειμος
1759 2864 1937 2954 νάπη

460 2965 652 3056 φύλλ’
695 2967 860 3057 εἶχε,
889 2975 1131 3059 θηρῶν
1165 2967 1232 3037 δ’
1272 2965 1398 3038 οὐκ
1433 2963 1519 3038 ἄν
1552 2965 1843 3055 ἤκουσας
1875 2967 2063 3056 βοήν.
2100 2983 2231 3037 1085

457 3063 528 3140 αἲ
564 3067 632 3139 δ’
673 3066 842 3140 ὠσὶν
874 3067 1046 3158 ἠχὴν
1078 3068 1160 3140 ού
1198 3078 1430 3157 σαφῶς
1466 3073 1862 3158 δεδεγμέναι

459 3179 745 3259 ἔστησαν
779 3169 987 3262 ὀρθαὶ
1019 3175 1135 3242 καὶ
1171 3172 1537 3261 διήνεγκαν
1570 3172 1793 3262 κόρας.

457 3269 500 3342 ὅ
529 3270 594 3342 δ’
635 3264 842 3356 αὖθις
869 3276 1340 3345 ἐπεκέλευσεν·
1375 3272 1465 3356 ὡς
1494 3271 1563 3344 δ’
1603 3274 1979 3365 ἐγνώρισαν

459 3383 642 3464 σαφῆ
679 3374 1053 3464 κελευσμὸν
1084 3386 1381 3465 Βακχίου
1412 3376 1701 3464 Κάδμου
1734 3376 1951 3467 κόραι,

458 3469 626 3567 ᾖξαν
655 3487 922 3560 πελείας
950 3476 1224 3568 ὠκύτητ’
1260 3477 1383 3567 οὐχ
1409 3476 1691 3567 ἥσσονες
2106 3493 2233 3547 1090
