2492 3900
295 160 422 224 339.
1096 152 1523 215 ΙΚΕΤΙΔΕΣ

529 322 762 413 κάμοί·
794 328 1083 393 διπλοῦν
1109 321 1186 391 δὲ
1207 320 1427 410 χάρμα
1452 326 1751 407 γίγνεται
1778 322 1961 393 τόδε.

301 437 448 501 ΘΗ.
529 427 678 513 ἐμοὶ
707 424 897 512 λόγοι
925 426 1070 511 μέν,
1099 430 1341 513 μῆτερ,
1372 427 1441 490 οἱ
1464 426 1848 510 λελεγμένοι

533 526 759 619 ὀρθῶς
787 523 1010 615 ἔχουσ’
1045 532 1140 607 εἰς
1165 523 1363 594 τόνδε
1390 520 1883 614 κάπεφηνάμην
2124 566 2131 571 -
2226 548 2329 603 335

537 630 813 721 γνώμην
839 625 964 717 ὑφ’
995 633 1158 697 οἴων
1185 626 1444 714 ἐσφάλη
1472 628 1959 715 βουλευμάτων
1976 652 1992 667 ·

535 731 672 824 ὁρῶ
706 732 782 801 δὲ
810 726 993 818 κᾶγῶ
1023 726 1228 799 ταῦθ’
1264 724 1433 818 ἅπερ
1460 756 1544 816 με
1568 739 1943 817 νουθετεῖς,

535 833 624 916 ῶς
651 848 787 914 τοῖς
814 836 1074 920 ἐμοῖσιν
1102 828 1255 919 οὐχὶ
1282 830 1677 921 πρόσφορον
1704 832 1977 920 τρόποις

537 936 822 1027 φεύγειν
852 932 934 1003 τὰ
961 934 1172 1004 δεινά.
1244 930 1460 1003 πολλὰ
1484 931 1617 1023 γὰρ
1646 933 1898 1022 δράσας
1922 936 2117 1023 καλά,

535 1048 693 1120 ἔθος
719 1034 863 1107 τόδ’
897 1032 1321 1124 εἰςἝλληνας
1346 1034 1790 1124 ἐξεδειξάμην,
2220 1057 2323 1111 340

534 1139 639 1211 ἀεὶ
667 1137 990 1228 κολαστὴς
1013 1146 1151 1208 τῶν
1179 1144 1409 1207 κακῶν
1434 1138 1866 1207 καθεστάναι.

541 1240 798 1313 οῦκουν
825 1240 1141 1311 ἀπαυδᾶν
1169 1237 1467 1310 δυνατόν
1492 1242 1639 1309 ἐστί
1656 1265 1769 1328 μοι
1798 1238 2073 1321 πόνους.

534 1354 604 1415 τί
627 1346 756 1434 γάρ
782 1342 856 1432 μ’
889 1346 1161 1434 ἐροῦσιν
1187 1346 1261 1413 οἵ
1280 1368 1357 1431 γε
1388 1346 1742 1430 δυσμενεῖς
1767 1349 2055 1431 βροτῶν,

539 1444 655 1515 ὅθ’
692 1444 734 1534 ἡ
765 1453 1051 1515 τεκοῦσα
1077 1442 1665 1535 χὺπερορρωδοῦσ’
1699 1448 1864 1531 ἐμοῦ

537 1546 765 1637 πρώτη
791 1547 1088 1627 κελεύεις
1113 1544 1302 1617 τόνδ’
1335 1542 1707 1635 ὑποστῆναι
1737 1542 1982 1630 πόνους
2214 1565 2321 1619 345

539 1650 764 1738 δράσω
809 1646 948 1719 τάδ’
965 1662 983 1681 ’
1016 1647 1149 1736 εἶμι
1176 1650 1291 1717 καὶ
1316 1645 1604 1737 νεκροὺς
1636 1647 1996 1737 ἐκλύσομαι

537 1752 796 1839 λόγοισι
822 1757 1086 1819 πείθων
1105 1773 1120 1787 ·
1154 1756 1218 1819 εἰ
1240 1750 1317 1820 δὲ
1343 1750 1467 1837 μή,
1494 1758 1614 1841 βίᾳ
1643 1748 1842 1840 δορὸς

535 1850 667 1943 ἤδη
693 1849 834 1925 τόδ’
869 1860 1050 1923 ἔσται
1078 1849 1275 1939 κούχὶ
1304 1849 1437 1921 σὺν
1465 1852 1709 1945 φθόνῳ
1736 1858 1945 1921 θεῶν.

540 1957 726 2040 δόξαι
754 1956 830 2026 δὲ
855 1957 1069 2047 χρῄζω
1098 1956 1212 2026 καὶ
1237 1954 1427 2024 πόλει
1456 1953 1633 2044 πάσῃ
1666 1954 1839 2024 τόδε.

539 2058 715 2141 δόξει
745 2055 812 2127 δ’
843 2061 1007 2146 ἐμοῦ
1035 2061 1386 2138 θέλοντος·
1417 2053 1584 2125 ἀλλὰ
1612 2063 1736 2126 τοῦ
1762 2057 1971 2145 λόγου
2218 2075 2321 2129 35⁰

540 2156 879 2250 προσδοὺς
909 2157 1118 2248 ἔχοιμ’
1153 2155 1238 2229 ἂν
1268 2165 1485 2246 δῆμον
1514 2155 2011 2247 εὐμενέστερον.

539 2263 654 2331 καὶ
681 2259 811 2349 γὰρ
838 2257 1185 2348 κατέστησ’
1219 2259 1431 2330 αὐτὸν
1461 2267 1554 2342 εἰς
1579 2266 1951 2350 μοναρχίαν

539 2361 1002 2452 ἐλευθερώσας
1031 2359 1222 2450 τήνδ’
1256 2362 1595 2450 ἰσόψηφον
1620 2362 1837 2433 πόλιν.

538 2462 767 2554 λαβών
799 2469 840 2533 δ
847 2459 1254 2553 ”Ἀδραστον
1283 2470 1521 2553 δεῖγμα
1552 2471 1689 2534 τῶν
1716 2468 1895 2552 ἐμῶν
1922 2464 2167 2554 λόγων,

542 2574 634 2649 εἰς
664 2574 925 2656 πλῆθος
948 2561 1178 2636 άστῶν
1205 2565 1369 2654 εἶμι·
1400 2569 1515 2636 καὶ
1540 2573 1771 2647 πείσας
1798 2562 1979 2654 τάδε,
2222 2583 2322 2636 355

539 2668 815 2750 λεκτοὺς
843 2667 1171 2758 ἀθροίσας
1197 2665 1391 2756 δεῦρ’
1418 2667 1802 2756 Ἀθηναίων
1828 2667 2079 2758 κόρους

539 2769 705 2858 ἥξω·
744 2767 902 2860 παρ’
935 2767 1166 2850 ὅπλοις
1190 2767 1268 2839 θ’
1300 2767 1543 2860 ἥμενος
1570 2772 1807 2858 πέμψω
1838 2768 2083 2857 λόγους

539 2875 828 2961 Κρέοντι
855 2878 1122 2960 νεκρῶν
1147 2869 1399 2960 σώματ’
1432 2872 1910 2961 ἐξαιτούμενος.

540 2971 687 3044 ἀλλ’
721 2964 776 3042 ῶ
805 2979 1103 3064 γεραιαί,
1139 2971 1329 3061 σέμν’
1364 2972 1712 3065 ἀφαιρεῖτε
1738 2977 1949 3064 στέφη
1984 3023 1993 3028 -

539 3077 819 3168 μητρός,
849 3073 1015 3166 πρὸς
1045 3085 1274 3158 οἴκους
1302 3073 1393 3158 ῶς
1418 3105 1530 3147 νιν
1556 3080 1817 3166 Αἰγέως
1848 3073 2011 3163 ἄγω,
2225 3091 2323 3148 360

541 3186 751 3268 φίλην
777 3178 1128 3269 προσάψας
1151 3195 1341 3270 χεῖρα
1359 3202 1373 3216 ·
1404 3195 1541 3260 τοῖς
1570 3187 1840 3249 τεκοῦσι
1870 3175 2000 3267 γὰρ

541 3281 869 3370 δύστηνος
899 3278 1079 3362 ὅστις
1105 3280 1194 3369 μὴ
1225 3279 1690 3352 ἀντιδουλεύει
1716 3283 2001 3372 τέκνων,

541 3385 898 3452 κάλλιστον
927 3390 1201 3470 ἔρανον·
1243 3381 1409 3462 δοὺς
1436 3382 1565 3471 γὰρ
1595 3381 2018 3466 ἀντιλάζυται

541 3488 808 3552 παίδων
835 3481 996 3572 παρ’
1029 3479 1240 3551 αὑτοῦ
1270 3481 1483 3553 τοιάδ’
1516 3480 1602 3552 ἃν
1630 3491 1903 3554 τοκεῦσι
1934 3488 2054 3575 δῷ.
