2492 3900
332 174 451 238 186

1174 175 1486 233 EAENH

557 347 627 410 τί
650 337 798 430 δῆτ’
834 348 929 410 ἔτι
957 348 1080 424 ζῶ;
1118 347 1293 411 θεοῦ
1321 337 1465 410 τόδ’
1501 339 1838 428 εἰσήκουσ’
1874 349 2030 422 ἔπος

547 441 825 532 Ἑρμοῦ,
855 441 930 511 τὸ
960 442 1233 512 κλεινόν
1261 439 1320 530 μ’
1356 449 1454 511 ἔτι
1482 442 1908 530 κατοικήσειν
1933 447 2141 515 πέδον

559 544 878 634 Σπάρτης
905 543 1037 614 σὺν
1066 542 1301 668 ἀνδρί,
1331 545 1612 631 γνόντος
1641 540 1730 624 ῶς
1759 542 1870 623 ἐς”
1856 553 2044 615 Ιλιον

559 643 686 717 οὐκ
712 636 967 734 ἦλθον,
998 650 1111 714 ἵνα
1134 645 1227 735 μὴ
1258 643 1468 735 λέκτρ’
1503 642 1917 735 ὑποστρώσω
1945 655 2100 717 τινί.

563 753 686 828 ἕως
713 748 838 835 μὲν
867 738 997 817 οὖν
1027 755 1173 834 φῶς
1200 739 1400 836 ἡλίου
1425 745 1568 817 τόδ’
1611 754 1850 838 ἔβλεπε
2275 769 2347 824 60

560 849 916 939 Πρωτεύς,
946 845 1193 930 ασυλος
1239 842 1282 936 ἦ
1334 849 1599 938 γάμων·
1641 852 1784 918 ἐπεὶ
1814 849 1890 920 δὲ
1917 857 2040 938 γῆς

555 951 773 1042 σκότςο
802 953 1204 1041 κέκρυπται,
1235 967 1394 1032 παῖς
1421 948 1456 1020 ὁ
1486 959 1606 1020 τοῦ
1633 952 2042 1040 τεθνηκότος

556 1060 745 1145 θηρᾷ
772 1068 1014 1142 γαμεῖν
1039 1080 1141 1140 με.
1199 1053 1322 1122 τὸν
1350 1054 1556 1123 πάλαι
1581 1051 1648 1123 δ’
1682 1052 1846 1142 ἐμὸν
1873 1054 2075 1125 πόσιν

554 1162 810 1244 τιμῶσα
835 1158 1168 1245 Πρωτέως
1195 1162 1424 1244 μνῆμα
1452 1162 1840 1247 προσπίτνω
1866 1158 2022 1226 τόδε

563 1260 794 1344 ἱκέτις,
824 1254 903 1327 ἵν’
938 1254 1139 1347 ἀνδρὶ
1166 1254 1342 1344 τάμὰ
1369 1257 1669 1349 διασώσῃ
1697 1261 1875 1346 λέχη,
2277 1277 2347 1332 65

556 1356 647 1439 ῶς
682 1366 746 1429 εἰ
766 1357 919 1429 καθ’
943 1355 1201 1429 Ἑλλάδ’
1237 1357 1453 1446 ὄνομα
1478 1360 1798 1440 δυσκλεὲς
1827 1364 2036 1450 φέρω,

558 1462 649 1548 μή
683 1488 798 1547 μοι
825 1460 901 1529 τὸ
929 1459 1202 1549 σῶμά,γ’
1239 1459 1477 1531 ἐνθάδ’
1512 1462 1844 1550 αἰσχύνην
1867 1461 2067 1553 ὄφλῃ.

342 1572 528 1631 ΤΕΤ.
561 1569 663 1642 τίς
689 1559 897 1630 τῶνδ’
931 1565 1247 1651 ἐρυμνῶν
1276 1563 1604 1651 δωμάτων
1633 1571 1766 1652 ἔχει
1792 1565 2070 1654 κράτος,
2053 1595 2072 1612 ·

328 2589 463 2649 EA.

552 1661 849 1752 Πλούτω
883 1661 1017 1752 γὰρ
1071 1662 1252 1746 οἶκος
1278 1661 1458 1748 αξιος
1495 1666 1934 1755 προσεικάσαι

555 1766 862 1855 βασίλειά
888 1763 938 1834 τ’
980 1763 1427 1855 ἀμφιβλήματ’
1462 1764 1828 1857 ευθριγκοί
1845 1766 1910 1838 θ’
1943 1773 2157 1859 ἕδραι.
2277 1787 2351 1842 70

558 1876 669 1939 ἔα·

557 1964 611 2041 ῶ
638 1978 827 2059 θεοί,
858 1965 977 2039 τίν’
1014 1968 1262 2041 εἷδον”
1222 1985 1420 2055 οψιν;
1450 1969 1824 2059 ἐχθίστην“
1795 1981 1934 2063 ορῶ

554 2072 877 2162 γυναικὸς
907 2071 1065 2142 εἰκώ
1095 2070 1378 2163 φόνιον,
1410 2069 1453 2161 ἥ
1480 2070 1542 2160 μ’
1576 2070 1882 2145 ἀπώλεσε

556 2175 810 2256 πάντας
834 2172 884 2243 τ’
910 2171 1233 2261 Ἀχαιούς.
1297 2182 1463 2245 θεοί
1481 2172 1572 2262 σ’,
1604 2172 1765 2245 ὅσον
1791 2174 2020 2272 μίμημ’
2061 2182 2234 2265 ἔχεις

548 2273 845 2365 Ἑλένης,
876 2273 1360 2345 ἀποπτύσειαν.
1437 2282 1501 2345 εἰ
1524 2278 1600 2347 δὲ
1625 2276 1715 2366 μὴ
1738 2276 1806 2347 ’ν
1831 2282 1986 2369 ξένῃ
2281 2294 2352 2351 75

559 2383 719 2467 γαία
746 2372 902 2445 πόδ’
936 2375 1152 2464 εἶχον,
1180 2375 1344 2469 τῶδ’
1379 2408 1466 2448 αν
1495 2377 1789 2472 εὐστόχω
1818 2388 2045 2473 πτερῷ

560 2476 938 2549 ἀπόλαυσιν
968 2485 1193 2562 εἰκοῦς
1220 2477 1535 2562 §fimf-99*
1492 2508 1578 2550 αν
1604 2482 1784 2563 Διὸς
1797 2484 2023 2574 κόρης.

561 2590 631 2651 τί
653 2578 746 2665 δ’;
780 2608 831 2649 ω
862 2579 1219 2673 ταλαίπωρ’
1257 2604 1436 2663 οστις
1465 2611 1564 2652 ων
1590 2582 1650 2671 μ’
1683 2582 2135 2675 ἀπεστράφης,

558 2686 673 2753 καὶ
699 2698 841 2763 ταῖς
868 2688 1129 2771 ἐκείνης
1156 2701 1536 2774 συμφοραῖς
1563 2688 1676 2773 ἐμε
1703 2704 2001 2776 στυγεῖς;

340 2792 525 2851 ΤΕΤ.
556 2808 888 2874 ημαρτον·
937 2784 1107 2874 ὀργῇ
1136 2784 1200 2853 δ’
1238 2786 1376 2869 εἶξα
1402 2787 1730 2876 μᾶλλον”
1685 2818 1728 2877 η
1756 2786 1814 2877 μ’
1848 2793 2082 2877 ε’χρηυ·
2279 2803 2356 2857 80

325 3096 463 3156 ΕΛ.

558 2886 764 2975 [μισεῖ
792 2886 920 2977 γὰρ
948 2886 1176 2969 Ἑλλάς
1210 2895 1393 2960 πᾶσα
1425 2891 1550 2979 τὴν
1585 2892 1754 2973 Διὸς
1787 2891 2043 2981 κόρην]

557 2988 913 3075 σύγγνωθι
942 2985 1009 3055 δ’
1040 2984 1203 3075 ημῖν
1230 3004 1369 3069 τοῖς
1395 2994 1854 3078 λελεγμένοις,
1884 2990 2108 3079 γύναι.

554 3096 653 3170 τίς
684 3086 751 3157 δ’
788 3088 880 3173 εἷς
912 3090 1131 3159 πόθεν
1157 3097 1280 3177 γῆς
1308 3088 1500 3179 τῆσδ’
1535 3094 1955 3183 ἐπεστράφης
1985 3095 2234 3177 πέδον;

335 3198 521 3257 ΤΕΤ.
557 3187 651 3271 εἷς
678 3196 816 3259 τῶν
834 3188 1151 3280 Ἀχαιῶν,
1184 3220 1235 3261 ω
1266 3194 1490 3281 γύναι,
1523 3202 1660 3266 τῶν
1687 3194 1974 3266 ἀθλίων.

328 3299 462 3358 EA.

556 3320 639 3361 ου
667 3320 837 3384 ταρα
864 3292 927 3362 σ’
960 3291 1234 3381 Ἑλένην
1264 3302 1330 3364 εί
1357 3312 1624 3385 στυγεῖς
1649 3301 2104 3387 θαυμαστέον.
2284 3313 2366 3368 85

556 3391 722 3485 ἀτὰρ
750 3403 851 3476 τίς
879 3395 941 3465 εἷ
964 3396 1219 3479 animm
1247 3396 1371 3467 τίν’
1407 3401 1696 3481 ἐξαυδᾶν
1724 3422 1799 3470 σε
1826 3399 1987 3491 χρή;

335 3502 523 3561 ΤΕῬ.
558 3492 768 3585 ὄνομα
798 3498 924 3592 μὲν
950 3493 1111 3585 ἡμῖν
1147 3506 1474 3587 Τεῦκρος,
1507 3498 1542 3569 ὅ
1574 3502 1651 3569 δὲ
1685 3503 1906 3588 φύσας
1935 3496 2156 3589 πατηρ
