2492 3900
0 6 442 146 *Fr

229 128 243 145 G

402 327 632 417 πρόσω
660 321 789 414 γὰρ
820 319 1068 401 ἄστεως
1095 311 1266 390 οὖσα
1297 318 1421 388 τάν
1447 321 1638 390 πόλει
1667 317 1840 392 κακὰ

406 427 533 499 ούκ
561 425 747 511 οἶδα,
776 431 910 493 νῦν
937 423 1013 492 δὲ
1039 423 1368 510 βούλομαι
1395 420 1581 510 κάγῶ
1610 435 1878 511 μαθεῖν.

995 153 1390 212 ΗΛΕΚΤΡΑ

2060 149 2180 212 251

156 540 323 602 HA.
405 525 659 619 λέγοιμ’
693 523 811 612 ἄν,
847 532 911 595 εἰ
933 525 1092 615 χρή·
1122 523 1248 614 χρὴ
1279 525 1354 593 δὲ
1383 524 1550 613 πρὸς
1578 534 1782 614 φίλον
1811 527 2034 612 λέγειν
2084 542 2187 596 300

403 633 605 720 τύχας
630 635 905 718 βαρείας
930 626 1047 714 τὰς
1074 625 1230 714 ἐμὰς
1259 623 1482 712 κάμοῦ
1509 627 1778 714 πατρός.

408 735 551 806 ἐπεὶ
580 732 657 802 δὲ
682 745 893 810 κινεῖς
920 736 1183 816 μῦθον,
1216 728 1528 816 ἱκετεύω,
1556 731 1725 816 ξένε,

406 831 677 924 ἄγγελλ’
710 830 987 922 Ὀρέστῃ
1012 827 1185 919 τάμὰ
1214 833 1330 900 καὶ
1357 837 1589 900 κείνου
1615 833 1811 919 κακά,

406 945 676 1027 πρῶτον
702 935 826 1023 μὲν
854 938 1019 1014 οἵοις
1048 935 1122 1002 έν
1151 934 1427 1013 πέπλοις
1456 930 1826 1022 αὐλίζομαι,

410 1047 585 1130 πίνῳ
614 1033 689 1106 θ’
723 1033 861 1128 ὅσῳ
888 1032 1188 1124 βέβριθ’,
1219 1031 1354 1104 ὑπὸ
1382 1036 1686 1121 στέγαισί
1711 1061 1782 1104 τε

408 1146 611 1211 οἵαισι
638 1147 809 1209 ναίω
836 1143 1205 1226 βασιλικῶν
1233 1139 1306 1205 ἐκ
1335 1135 1683 1223 δωμάτων,

408 1240 577 1330 αύτὴ
604 1243 728 1331 μὲν
758 1244 1183 1328 ἐκμοχθοῦσα
1210 1245 1516 1327 κερκίσιν
1546 1241 1861 1325 πέπλους,

412 1337 477 1428 [ἢ
512 1345 776 1428 γυμνὸν
811 1342 938 1422 ἔξω
974 1345 1165 1426 σῶμα
1198 1341 1312 1408 καὶ
1349 1339 1801 1430 στερήσομαι,]

413 1441 582 1532 αὐτὴ
612 1443 687 1513 δὲ
715 1439 931 1530 πηγὰς
958 1445 1324 1526 ποταμίους
1353 1442 1766 1529 φορουμένη.

410 1541 769 1626 ἀναίνομαι
798 1543 873 1607 δὲ
912 1541 1172 1625 γυμνὰς
1208 1534 1383 1608 οὖσα
1423 1545 1832 1629 παρθένους,

413 1638 728 1725 ἀνέορτος
758 1643 961 1725 ἱερῶν
992 1640 1102 1706 καὶ
1130 1645 1355 1727 χορῶν
1386 1645 1752 1727 τητωμένη,

413 1743 771 1836 ἀναίνομαι
798 1747 875 1816 δὲ
898 1742 1219 1835 Κάστορ’,
1259 1736 1316 1837 ᾦ
1344 1749 1508 1836 πρὶν
1534 1755 1628 1829 είς
1654 1747 1865 1829 θεοὺς

414 1851 643 1918 ἐλθεῖν
674 1846 779 1936 ἔμ’
812 1849 1244 1937 ἐμνήστευον,
1276 1838 1491 1918 οὖσαν
1509 1852 1780 1936 ἐγγενῆ.

408 1951 623 2040 μήτηρ
655 1947 721 2021 δ’
754 1949 877 2040 ἐμὴ
908 1957 1311 2038 Φρυγίοισιν
1339 1954 1414 2020 ἐν
1441 1951 1857 2040 σκυλεύμασι

413 2054 645 2145 θρόνῳ
675 2053 1001 2140 κάθηται,
1030 2050 1199 2141 πρὸς
1225 2048 1291 2120 δ’
1332 2055 1636 2141 ἕδραισιν
1665 2051 1922 2137 Ἀσίδες

414 2158 631 2241 δμωαὶ
660 2150 1059 2241 στατίζουσ’,
1088 2150 1167 2234 ἃς
1195 2151 1424 2244 ἔπερσ’
1459 2152 1614 2243 ἐμὸς
1640 2154 1878 2245 πατήρ,

409 2252 611 2325 Ἰδαῖα
638 2257 823 2345 φάρη
850 2258 1161 2345 χρυσέαις
1189 2259 1576 2344 ἐζευγμέναι

412 2357 797 2448 πόρπαισιν.
836 2354 997 2447 αἷμα
1025 2356 1089 2427 δ’
1128 2366 1225 2428 ἔτι
1255 2358 1504 2447 πατρὸς
1529 2356 1702 2429 κατὰ
1727 2362 1960 2449 στέγας
2047 2369 2054 2372 ’

414 2461 621 2546 μέλαν
647 2464 964 2549 σέσηπεν·
995 2456 1069 2541 ὃς
1096 2458 1160 2529 δ’
1196 2463 1458 2530 ἐκεῖνον
1487 2469 1785 2549 ἔκτανεν,

416 2568 509 2641 είς
536 2560 745 2632 ταύτά
771 2569 1029 2650 βαίνων
1056 2558 1297 2649 ἅρματ’
1332 2566 1614 2653 ἐκφοιτᾷ
1641 2566 1842 2651 πατρὶ

413 2665 526 2731 καὶ
552 2660 841 2753 σκῆπτρ’
873 2667 947 2732 ἐν
974 2659 1073 2743 οἷς
1088 2659 1406 2753 Ἕλλησιν
1435 2661 1901 2753 ἐστρατηλάτει

412 2766 830 2852 μιαιφόνοισι
860 2768 1045 2854 χερσὶ
1074 2773 1450 2852 γαυροῦται
1477 2766 1724 2854 λαβών.

405 2862 891 2955 Ἀγαμέμνονος
919 2868 995 2937 δὲ
1021 2867 1275 2955 τύμβος
1301 2865 1740 2957 ἠτιμασμένος

412 2970 603 3039 οὔπω
637 2971 793 3060 χοάς
830 2971 977 3041 ποτ’
1019 2971 1182 3041 οὐδὲ
1217 2978 1446 3041 κλῶνα
1479 2979 1812 3061 μυρσίνης

414 3074 645 3157 ἔλαβε,
675 3066 857 3156 πυρὰ
886 3069 962 3138 δὲ
988 3072 1222 3157 χέρσος
1251 3066 1740 3157 ἀγλαϊσμάτων.

412 3174 589 3260 μέθῃ
622 3173 699 3241 δὲ
729 3173 1045 3261 βρεχθεὶς
1070 3178 1187 3257 τῆς
1216 3174 1375 3258 ἐμῆς
1408 3169 1656 3260 μητρὸς
1687 3172 1878 3252 πόσις

412 3268 451 3339 ὁ
481 3274 775 3361 κλεινός,
809 3270 897 3354 ὡς
924 3274 1271 3360 λέγουσιν,
1301 3273 1674 3364 ἐνθρώσκει
1699 3272 1891 3365 τάφῳ

414 3377 679 3465 πέτροις
706 3403 779 3445 τε
806 3375 991 3445 λεύει
1018 3380 1245 3462 μνῆμα
1274 3370 1510 3445 λάινον
1537 3372 1786 3465 πατρὸς

411 3478 526 3545 καὶ
554 3484 750 3547 τοῦτο
782 3484 991 3568 τολμᾷ
1019 3472 1268 3556 τοῦπος
1299 3483 1391 3557 είς
1421 3473 1592 3564 ἡμᾶς
1620 3480 1840 3565 λέγειν
1857 3497 1870 3509 ·

1957 1027 1962 1030 ’
2088 1049 2189 1103 305

2088 1561 2185 1616 311

2091 1660 2193 1713 310

2090 2072 2190 2126 315

2093 2577 2192 2628 320

2091 3086 2193 3140 325
