2492 3900
242 149 342 200 m:
380 147 772 201 conmmvs
807 147 1228 200 Evmrmms
1266 148 1363 199 ΕΤ
1398 147 1875 201 ED1T1ou1evs
1943 115 2131 202 xuni

283 298 480 360 Altera
525 298 798 361 codicum
845 297 1079 369 classis,
1136 301 1305 360 cuius
1350 299 1617 378 exempla
1662 317 1822 362 nunc
1863 285 2136 379 prostant

164 385 526 460 paucissima,
573 383 936 460 undeviginti
980 382 1210 444 fabulas
1238 382 1543 463 complexa
1590 391 1695 444 est.
1732 385 1930 446 ‘istius
1974 385 2131 445 ordi·

163 468 271 535 nis,
313 469 364 527 si
405 467 668 547 pretium
711 475 964 546 spectes,
1009 469 1210 546 priore
1254 467 1554 528 inferioris
1594 466 1659 530 hi
1701 477 1839 529 sunt
1882 468 2046 529 libri:

284 569 339 626 Α
383 567 572 628 codex
614 565 966 628 Harleianus
1010 569 1174 628 5743
1220 569 1666 629 recentissimus
1720 570 1940 628 saeculi
1982 567 2131 639 XVI,

166 651 472 712 continens
515 649 831 712 Alcestidis
874 651 1287 728 fragmentum,
1335 650 1618 720 Rhesum,
1664 649 1946 712 Troades.
2032 671 2131 711 ex·

168 741 346 794 trema
388 735 689 796 Troadum
733 752 874 815 pars
919 735 1059 812 (611
1108 737 1259 814 sqq.)
1305 736 1641 796 recentiore
1694 751 1873 796 manu
1918 735 2131 814 scripta

168 836 199 876 e
242 816 392 878 libro
436 821 543 897 qui
587 817 906 880 Havniensi
949 817 1283 880 simillimus
1325 819 1436 879 fuit
1476 819 1727 899 repetita
1770 827 1880 880 est.

285 917 344 976 B
410 919 598 979 codex
663 917 784 981 Pal.
855 921 976 980 287
1044 918 1532 980 membranaceus
1596 918 1820 980 saeculi
1882 920 2132 980 fortasse

169 999 303 1069 xlv,
350 1003 662 1064 continens
707 1002 937 1080 (ordine
967 1002 1204 1081 quidem
1246 1002 1503 1080 diverso)
1549 1001 1672 1063 Alc.
1703 1002 1883 1062 Andr.
1918 1002 2131 1064 Bacch.

175 1083 396 1146 Heracl.
459 1085 670 1166 Suppl.
727 1088 903 1166 Hipp.
965 1085 1092 1166 lph.
1153 1087 1220 1147 Α.
1279 1084 1407 1162 Iph.
1468 1084 1535 1146 T.
1582 1085 1709 1146 Ion.
1766 1084 1923 1165 Cycl.
1980 1085 2131 1146 Med.

173 1167 335 1230 Rhes.
369 1170 508 1230 Tro.
559 1188 694 1232 cum
727 1169 955 1231 Danaes
1001 1169 1244 1230 exordio
1288 1171 1492 1249 spurio
1538 1168 1609 1246 (v.
1642 1169 1784 1231 Eur.
1818 1170 1892 1230 fr.
1928 1171 2131 1248 1117).

291 1269 338 1328 0
375 1270 563 1330 codex
605 1269 762 1334 Flor.
797 1269 1027 1339 xxxii,
1076 1272 1112 1328 2
1159 1269 1504 1332 chartaceus
1533 1268 1752 1330 saeculi
1781 1269 1927 1340 XIV,
1974 1279 2129 1332 cont.

173 1351 462 1432 Euripidis
505 1353 737 1415 fabulas
766 1353 1184 1432 duodeviginti,
1231 1363 1395 1416 caret
1422 1353 1758 1415 Troadibus
1788 1364 1847 1414 et
1875 1353 2135 1416 Baccha-

174 1453 296 1497 rum
339 1439 457 1498 fine
504 1437 949 1518 (756—1392).
1022 1437 1311 1498 lectiones
1353 1437 1527 1499 huius
1570 1437 1710 1498 libri
1751 1439 1812 1498 in
1856 1438 2134 1500 Matthiae

175 1521 419 1582 editione
473 1540 684 1602 parum
741 1528 1016 1584 accurate
1065 1520 1358 1583 indicatae
1413 1532 1581 1592 sunt,
1638 1521 1799 1602 quod
1854 1517 2131 1582 damnum

175 1603 440 1666 Parisinis
485 1605 840 1687 apographis
883 1605 1251 1685 aliquatenus
1293 1614 1623 1685 reparatur.

285 1703 372 1765 Ex
415 1705 530 1767 hoc
577 1714 899 1784 conspectu
943 1704 1115 1766 facile
1158 1711 1407 1784 apparet
1434 1713 1559 1766 tres
1601 1704 1847 1776 fabulae,
1879 1705 2007 1767 Hel.
2042 1704 2131 1767 El.
2224 1713 2229 1718 “

177 1785 332 1851 Herc.
377 1789 474 1857 F..
532 1807 653 1850 uno
709 1791 817 1850 niti
871 1790 1078 1852 codice
1131 1787 1293 1869 0⁹²);
1351 1788 1583 1852 duobus
1640 1788 1809 1850 libris
1862 1791 1923 1852 B
1965 1799 2025 1852 et
2068 1792 2131 1860 C,

175 1887 414 1946 quorum
455 1873 518 1933 B
562 1891 706 1953 prae
761 1872 947 1934 altero
1004 1873 1120 1933 fide
1163 1874 1381 1952 dignus
1424 1881 1541 1942 est,
1594 1889 1707 1933 nos
1748 1876 1837 1934 uti
1879 1876 1941 1933 in
1986 1874 2132 1934 Bac·

175 1954 372 2035 chis⁹³)
423 1956 765 2032 ,Heraclidis
821 1957 1024 2037 Suppl.
1071 1957 1197 2037 lph.
1245 1960 1315 2018 A.
1361 1956 1489 2035 Iph.
1535 1955 1605 2017 T.
1650 1955 1792 2016 lone
1850 1956 2131 2037 Cyclope;

171 2040 462 2121 aliquanto
505 2041 718 2102 melius
761 2050 956 2104 actum
1004 2060 1134 2103 esse
1180 2041 1258 2102 de
1302 2041 1517 2101 ceteris
1558 2056 1769 2100 novem
1816 2040 2048 2103 fabulis.

287 2142 522 2203 Codicis
577 2146 766 2204 instar
817 2150 914 2202 est
967 2139 1226 2221 Χριστὸς
1269 2138 1545 2219 πάσχων,
1605 2140 1809 2205 drama
1851 2140 1995 2203 illud
2040 2143 2132 2203 in-

169 2224 402 2295 sulsum,
451 2225 610 2306 quod
653 2228 724 2285 in·
763 2224 933 2287 libris
978 2225 1268 2303 Gregorio
1314 2224 1679 2287 Nazianzeno
1721 2226 1876 2288 male
1919 2226 2133 2288 tribui·

169 2318 277 2378 tur,
324 2328 364 2370 a.
407 2308 508 2370 Fr.
555 2309 873 2371 Duebnero
918 2311 1126 2371 critico
1170 2312 1307 2371 usui
1353 2307 1548 2370 habile
1593 2309 1917 2371 redditum:
1965 2310 2133 2371 cu'ius

169 2393 448 2455 dramatis
513 2401 718 2454 auctor
782 2400 1019 2473 praeter
1086 2392 1438 2472 Aeschyleas
1506 2394 1729 2473 aliquot
1792 2393 2019 2456 fabulas
2074 2402 2136 2454 et

169 2476 570 2557 Lycophronis
598 2476 990 2537 Alexandram
1019 2477 1291 2556 inprimis
1336 2480 1639 2556 usurpavit
1665 2476 1968 2558 Euripidis
2012 2485 2131 2538 tra-

170 2561 399 2637 goedias
455 2570 710 2639 septem,
769 2558 1030 2621 Bacchas
1097 2559 1397 2622 Hecubam
1443 2558 1825 2639 Hippolytum
1867 2559 2133 2621 Medeam

170 2644 432 2707 Orestem
477 2644 740 2707 Rhesum
786 2642 1064 2705 Troades.
1153 2646 1218 2704 in
1262 2642 1511 2705 Bacchis
1564 2642 1759 2703 Rheso
1802 2642 2133 2704 Troadibus
2169 2658 2171 2661 ’

293 2895 386 2963 92)
423 2895 780 2947 Welckerum
823 2896 874 2946 si
917 2894 1140 2959 audian,
1195 2894 1256 2943 in
1298 2893 1624 2947 Atheniensi
1667 2894 1901 2961 quodam
1946 2894 2132 2946 codice

169 2962 422 3029 leguntur
446 2964 684 3013 Hecuba
709 2966 768 3013 et
789 2962 1016 3013 Electra
1037 2961 1335 3027 Euripidis,
1375 2962 1571 3027 quibus
1598 2962 1804 3013 fabulis
1828 2963 2135 3025 praemissa.

171 3032 239 3080 sit
277 3034 478 3096 poetae
513 3031 635 3080 vita
680 3028 964 3080 simillima
1009 3030 1062 3079 ei
1107 3043 1269 3092 quam
1310 3029 1691 3093 Rossignolius
1740 3028 1953 3093 publici
1997 3030 2135 3079 iuris

171 3098 299 3147 fecit
335 3095 412 3161 (v.
449 3096 626 3151 Rhein.
661 3097 798 3148 Mus.
835 3098 904 3150 N.
931 3098 992 3146 F.
1020 3095 1132 3149 vol.
1163 3098 1194 3147 3
1219 3111 1273 3161 p.
1294 3097 1395 3148 468
1421 3093 1550 3161 sq.).
1618 3100 1801 3146 utrum
1836 3096 1956 3159 ipse
1980 3096 2134 3147 Wel-

170 3165 296 3215 cker
326 3163 536 3217 viderit
580 3163 826 3215 codicem
861 3164 1253 3214 Atheniensem
1291 3178 1361 3213 an
1398 3163 1468 3213 ab
1506 3162 1635 3213 aliis
1680 3178 1816 3213 acce
1858 3169 1918 3212 ta.
1962 3162 2030 3213 de
2068 3179 2134 3214 eo

170 3230 467 3293 rettulerit,
514 3232 732 3283 nescio:
777 3231 878 3281 hoc
923 3234 1077 3281 certa
1126 3230 1448 3280 coniectura
1486 3230 1712 3293 assequi
1753 3233 1826 3279 mi
1869 3228 2135 3291 ividem,

169 3298 441 3349 Electram
478 3312 620 3363 quae
665 3299 988 3363 perhibetur
1026 3312 1149 3348 esse
1185 3296 1419 3347 Orestae
1456 3296 1703 3348 fabulam
1740 3302 1907 3361 atque
1952 3296 2135 3359 ipsum

171 3364 402 3417 codicem
437 3366 723 3432 indignum
759 3380 883 3416 esse
921 3366 1015 3430 qui
1053 3380 1121 3415 ex
1157 3365 1270 3415 situ
1308 3364 1678 3429 protrahatur.

293 3432 380 3495 93)
419 3432 584 3483 Certe
619 3436 678 3483 in
702 3434 908 3484 maiore
945 3436 1104 3497 parte
1129 3430 1499 3495 Baccharum,
1538 3431 1696 3481 cuius
1720 3428 1947 3480 fabulae
1972 3426 2135 3478 finem

167 3500 220 3549 in
253 3500 294 3550 0
329 3500 522 3551 deesse
561 3514 728 3567 supra
763 3500 1143 3550 indicavimus.
