2492 3900
315 161 441 226 340
811 165 981 224 ΗΡΑ
991 164 1224 222 ΚΛΗΣ
1268 163 1880 224 ΜΑΙΝΟΙΙΙΕΝΟΣ

551 338 767 402 καίτοι
794 333 1110 420 κέκλησαι
1136 327 1458 412 πολλάκις
1476 353 1490 368 ·
1531 332 1746 420 μάτην
1772 340 1960 402 πονῶ
1979 357 1993 370 ·

547 445 793 504 θανεῖν
820 433 981 522 γάρ,
1026 431 1116 515 ὥς
1145 430 1325 519 ἔοικ’,
1354 430 1738 522 ἀναγκαίως
1763 441 1919 521 ἔχει.
2448 361 2451 534 ἱ

546 533 693 608 ἄλλ’
731 527 786 606 ὦ
811 538 1150 627 γέροντες,
1178 533 1386 624 μικρὰ
1409 534 1535 624 μὲν
1563 533 1643 604 τὰ
1675 543 1798 606 τοῦ
1826 543 1985 624 βίου
2006 560 2020 574 ·
2450 559 2453 658 b

546 646 789 709 τοῦτον
815 635 882 708 δ’
917 635 1098 719 ὅπως
1127 633 1366 726 ἥδιστα
1395 637 1849 725 διαπεράσετε,

549 744 616 822 ἐξ
642 737 890 831 ἡμέρας
919 746 1012 820 εἰς
1038 739 1251 809 νύκτα
1278 736 1368 827 μὴ
1397 740 1833 827 λυπούμενοι.
1922 761 1927 768 ·
2228 761 2329 812 505
2452 757 2455 874 κ

551 839 640 922 ὥς
667 846 940 922 ἐλπίδας
966 842 1091 930 μὲν
1118 837 1154 910 ὁ
1183 842 1423 931 χρόνος
1453 837 1581 910 οὐκ
1618 845 1961 912 ἐπίσταται

545 944 814 1029 σώζειν,
844 941 920 1012 τὸ
956 941 1023 1012 δ’
1055 939 1271 1014 αὑτοῦ
1300 942 1685 1026 σπουδάσας
1713 947 2043 1015 διέπτατο.
2454 955 2457 1118 ί

547 1043 747 1136 ὁρᾶτέ
768 1043 827 1133 μ’
863 1035 1140 1134 ὅσπερῆ
1179 1053 1617 1137 περίβλεπτος
1650 1053 1917 1138 βροτοῖς

547 1145 884 1237 ὀνομαστὰ
916 1147 1268 1235 πράσσων,
1298 1153 1421 1216 καί
1440 1144 1498 1235 μ’
1530 1143 1849 1234 ἀφείλεθ’
1878 1145 1921 1234 ἡ
1948 1148 2113 1236 τύχη
2456 1153 2459 1304 ρ

547 1247 774 1338 ὥσπερ
803 1247 1051 1336 πτερὸν
1078 1247 1246 1337 πρὸς
1275 1245 1489 1337 αἰθέρ’
1522 1246 1739 1341 ἡμέρᾳ
1764 1257 1903 1340 μιᾷ.
2230 1267 2334 1319 510
2456 1305 2458 1316 .

469 1354 474 1359 ’
547 1349 582 1422 ὁ
613 1349 678 1420 δ’
713 1348 911 1440 ὄλβος
937 1348 972 1421 ὁ
1000 1354 1203 1440 μέγας
1229 1347 1273 1439 ἤ
1301 1379 1372 1421 τε
1400 1347 1540 1433 δόξ’
1572 1349 1699 1420 οὐκ
1730 1349 1861 1420 οἶδ’
1893 1348 2023 1442 ὅτῳ

546 1453 814 1542 βέβαιός
841 1457 998 1522 ἐστι.
1045 1450 1285 1544 χαίρετ’
1311 1475 1325 1490 ·
1358 1449 1574 1542 ἄνδρα
1600 1451 1729 1544 γὰρ
1762 1460 1966 1540 φίλον

545 1554 969 1624 πανύστατον
997 1563 1163 1643 νῦν,
1193 1553 1446 1643 ἥλικες,
1477 1555 1862 1645 δεδόρκατε.

315 1668 472 1730 ΜΕ.
550 1665 656 1728 ἔα·

546 1751 601 1828 ὦ
628 1762 924 1849 πρέσβυ,
954 1760 1214 1829 λεύσσω
1240 1756 1415 1848 τάμά
1444 1755 1733 1847 φίλτατ’;
1766 1754 1810 1846 ἦ
1835 1766 1908 1829 τί
1928 1767 2071 1847 φῶς

315 1872 479 1932 ΑΜ.
543 1859 670 1932 οὐκ
698 1860 882 1948 οῖδα,
917 1861 1248 1952 θύγατερ·
1307 1857 1566 1949 ἀφασία
1594 1862 1670 1930 δὲ
1698 1857 1842 1948 κάμ’
1878 1868 2028 1949 ἔχει.
2233 1880 2332 1932 515
2462 1849 2464 1860 ⁴

314 1974 474 2035 ME.
541 1962 648 2035 ὅδ’
689 1967 871 2035 ἐστὶν
898 1960 978 2034 ὃν
1005 1972 1125 2053 γῆς
1151 1966 1403 2054 νέρθεν
1436 1963 1903 2053 εἰσηκούομεν;

317 2080 482 2139 ΛΜ.
553 2075 616 2137 εἰ
639 2067 729 2155 μή
760 2065 812 2154 γ’
847 2064 1119 2155 ὄνειρον
1147 2071 1222 2136 ἐν
1249 2066 1407 2155 φάει
1435 2096 1498 2136 τι
1527 2066 1917 2154 λεύσσομεν.

319 2178 476 2239 ΜΕ.
547 2178 619 2238 τί
647 2176 826 2256 φημί
832 2198 849 2249 3
883 2166 1021 2238 ποτ’
1055 2166 1288 2259 ὄνειρα
1316 2164 1713 2259 κηραίνουσ’
1748 2164 1920 2257 ὁρῶς

549 2267 676 2341 οὐκ
705 2265 857 2339 ἔσθ’
893 2266 997 2338 ὅδ’
1031 2267 1230 2350 ἄλλος
1266 2268 1417 2341 ἀντὶ
1445 2278 1571 2341 σοῦ
1597 2270 1867 2358 παιδός,
1902 2273 2125 2359 γέρον.

546 2366 755 2458 δεῦρ’,
777 2360 832 2439 οἷ
851 2366 1046 2457 τέκν’,
1069 2373 1540 2461 ἐκκρήμνασθε
1556 2372 1887 2463 πατρῴων
1903 2375 2205 2459 πέπλων,
2234 2390 2339 2441 520

541 2470 616 2544 ἴτ’
650 2476 1004 2562 έγκονεῖτε,
1033 2471 1122 2561 μὴ
1153 2472 1409 2563 μεθῆτ’,
1440 2477 1584 2545 ἐπεὶ
1611 2472 1777 2554 Διὸς

545 2583 843 2667 σωτῆρος
869 2571 1033 2663 ὑμῖν
1061 2573 1268 2645 οὐδέν
1298 2573 1448 2647 ἐσθ’
1482 2573 1588 2648 ὅδ’
1621 2571 1919 2664 ὕστερος.

316 2688 456 2749 ΗΡ.
539 2671 594 2750 ὦ
619 2694 839 2768 χαῖρε,
877 2680 1219 2767 μέλαθρον
1246 2676 1561 2767 πρόπυλά
1586 2674 1663 2748 θ’
1698 2679 1917 2758 ἑστίας
1946 2682 2126 2766 ἐμῆς,

548 2778 637 2861 ὡς
665 2780 950 2867 ἄσμενός
979 2777 1042 2847 σ’
1077 2784 1338 2850 ἐσεῖδον
1367 2783 1434 2860 ἐς
1464 2780 1636 2869 φάος
1662 2780 1909 2866 μολών.

548 2890 656 2952 ἔα·
689 2888 759 2949 τί
779 2887 1034 2970 χρῆμα;
1063 2879 1231 2951 τέκν’
1268 2878 1404 2967 ὁρῶ
1432 2879 1563 2972 πρὸ
1597 2880 1922 2970 δωμάτων
2236 2901 2343 2953 525

546 2990 882 3070 στολμοῖσι
911 2990 1175 3071 νεκρῶν
1200 2989 1447 3074 κρᾶτας
1473 2986 1925 3072 ἐξεστεμμένα,

549 3082 725 3177 ὄχλῳ
751 3081 801 3153 τ’
835 3089 910 3155 ἐν
939 3082 1212 3173 ἀνδρῶν
1240 3084 1365 3173 τὴν
1394 3083 1562 3174 ἐμὴν
1591 3086 1922 3174 ξυνάορον

549 3190 801 3276 πατέρα
829 3215 901 3257 τε
927 3187 1310 3276 δακρύοντα
1338 3186 1693 3278 συμφορὰς
1720 3195 1941 3270 τίνας,
1924 3218 1939 3233 ·

550 3285 694 3379 φέρ’
724 3289 1124 3377 ἐκπύθωμαι
1152 3295 1368 3359 τῶνδε
1394 3298 1684 3378 πλησίον
1711 3296 2005 3375 σταθεις,

290 3397 352 3482 ’.ἦν
550 3400 621 3460 τί
642 3391 881 3461 καινὸν
909 3382 1080 3480 ἦλθε
1127 3396 1349 3461 τοῖσδε
1400 3393 1702 3479 δωμασιν
1728 3394 1952 3482 χρέος,
2110 3409 2135 3465 s
2228 3408 2339 3464 5³0

325 3491 483 3557 AM.
555 3519 606 3559 ω
638 3491 889 3577 φίλτατ’
924 3489 1228 3579 ἀνδρῶν,
1260 3520 1313 3560 ω
1345 3493 1511 3579 φάος
1539 3493 1767 3582 μολων
1794 3500 2068 3585 πατρί,

2019 3866 2067 3889 ¹:-
2080 3815 2466 3889 *affl*-
