2492 3900
324 173 450 238 228
1164 185 1284 240 EA
1293 185 1476 243 ENH

554 355 773 418 ἔδωκα
790 400 808 436 ,
837 350 1071 439 χρόνια
1097 358 1342 441 νίπτρα
1368 360 1690 441 ποταμίας
1721 353 1999 442 δρόσου.

552 448 701 520 ἀλλ’
735 454 984 543 ἐκπερᾷ
1010 451 1139 542 γὰρ
1170 453 1497 541 δωμάτων
1525 452 1560 523 ὁ
1589 453 1746 536 τούς
1773 454 1977 542 ἐμοὺς
2203 473 2350 528 1385

556 552 810 640 γάμους
839 556 1140 641 ἑτοίμους
1166 559 1241 624 ἐν
1269 571 1495 646 χεροῖν
1522 563 1698 644 ἔχειν
1724 562 1968 645 δοκῶν,

554 658 862 742 σιγητέον
887 678 1029 742 μοι·
1062 659 1173 724 καὶ
1204 657 1280 726 σὲ
1314 657 1865 746 προσποιούμεθα

556 753 805 825 εὔνουν
831 772 1103 845 κρατεῖν
1139 784 1211 826 τε
1238 759 1590 846 στόματος,
1618 755 1706 847 ἦν
1733 759 2102 846 δυνώμεθα

551 859 885 936 σωθέντες
914 854 1105 927 αὐτοὶ
1133 862 1245 928 καὶ
1273 861 1348 929 σὲ
1373 867 1724 929 συνσῶσαί
1747 887 1924 930 ποτε.

324 965 586 1026 ΘΕΟΚ.
611 955 873 1048 χωρεῖτ’
907 962 1175 1048 ἐφεξῆς,
1207 958 1297 1041 ὥς
1325 968 1550 1042 ἔταξεν
1579 959 1614 1030 ὁ
1641 963 1848 1049 ξένος,
2202 979 2346 1032 1390

551 1065 802 1148 δμῶες,
834 1063 1151 1152 φέροντες
1181 1063 1413 1132 ἐνάλια
1439 1070 1860 1152 κτερίσματα.

542 1158 804 1248 Ἑλένη,
844 1157 929 1228 σύ
968 1155 1062 1246 δ’,
1100 1157 1187 1247 ἦν
1224 1180 1328 1228 σοι
1360 1158 1451 1248 μὴ
1489 1165 1707 1240 κακῶς
1743 1159 1917 1242 δόξω
1953 1158 2200 1246 λέγειν,

549 1269 830 1349 πείθου,
860 1259 1010 1349 μέν’
1043 1259 1256 1331 αὐτοῦ
1275 1285 1288 1300 ·
1325 1259 1534 1330 ταύτὰ
1561 1259 1690 1349 γὰρ
1721 1261 2028 1349 παροῦσά
2054 1287 2128 1329 τε

549 1363 816 1452 πράξεις
843 1362 961 1433 τὸν
991 1361 1207 1452 ἄνδρα
1234 1361 1354 1432 τὸν
1381 1361 1506 1432 σὸν
1531 1360 1618 1450 ἥν
1645 1389 1716 1430 τε
1741 1360 1832 1451 μὴ
1861 1369 2095 1452 παρῇς.

548 1467 819 1533 δέδοικα
845 1465 971 1554 γάρ
999 1487 1073 1534 σε
1100 1464 1192 1552 μή
1225 1492 1323 1546 τις
1355 1463 1662 1552 ἐμπεσών
1687 1465 1901 1544 πόθος
2197 1481 2340 1536 1395

550 1571 748 1654 πείσῃ
775 1576 1085 1653 μεθεῖναι
1112 1563 1282 1654 σῶμ’
1315 1570 1381 1646 ἐς
1408 1565 1606 1653 οἶδμα
1633 1564 1911 1635 πόντιον

548 1673 669 1735 τοῦ
696 1667 1001 1756 πρόσθεν
1028 1663 1275 1758 ἀνδρὸς
1300 1668 1567 1756 χάρισιν
1594 1668 2177 1755 ἐκπεπληγμένην·

552 1796 725 1856 αγαν
751 1767 880 1857 γὰρ
910 1765 1122 1838 αὐτὸν
1148 1797 1233 1838 ου
1263 1765 1562 1894 παρόνθ’
1597 1797 1774 1856 ομως
1800 1771 2074 1847 στένεις.

321 1877 452 1938 EA.
538 1897 589 1938 ω
638 1871 867 1954 καινὸς
908 1866 1069 1960 ἡμῖν
1096 1871 1321 1959 πόσις,
1351 1867 1729 1960 ἀναγκαίως
1756 1877 1890 1958 ἔχει

548 1970 627 2041 τὰ
660 1999 890 2062 πρωτα
918 1976 1159 2061 λέκτρα
1188 1972 1532 2098 νυμφικάς
1557 1970 1634 2041 θ’
1668 1970 1928 2060 ὁμιλίας
2200 1991 2334 2043 1400

550 2082 780 2161 τιμᾶν·
812 2072 941 2160 ἐγω
980 2075 1055 2143 δε
1084 2072 1197 2143 δια
1224 2073 1300 2143 τὸ
1329 2074 1454 2162 μὲν
1485 2078 1792 2161 στέργειν
1817 2074 2016 2143 πόσιν

552 2178 665 2244 καὶ
692 2172 1094 2263 ξυνθάνοιμ’
1128 2172 1243 2244 ἅν·
1279 2173 1448 2245 ἀλλὰ
1475 2183 1576 2257 τίς
1605 2182 1808 2267 κείνῳ
1839 2175 2026 2265 χάρις

546 2275 671 2357 ξὺν
699 2277 1109 2345 κατθανόντι
1136 2289 1540 2361 κατθανεῖν;
1571 2287 1648 2349 ἔα
1677 2274 1743 2345 δ’
1778 2276 1893 2365 ἐμὲ

550 2374 764 2462 αὐτὴν
789 2384 1131 2464 μολοῦσαν
1162 2380 1445 2467 ἐντάφια
1473 2385 1716 2449 δοῦναι
1739 2386 1980 2471 νεκρῷ.

547 2480 703 2547 θεοὶ
732 2480 808 2548 δὲ
834 2488 949 2549 σοί
976 2508 1046 2550 τε
1074 2486 1262 2550 δοῖεν
1291 2476 1383 2549 οἷ’
1415 2479 1546 2568 ἐγώ
1575 2482 1782 2567 θέλω,
2197 2497 2336 2551 1405

548 2581 663 2650 καὶ
692 2588 785 2674 τῷ
814 2584 981 2675 ξένῳ
1010 2580 1197 2671 τῷδ’,
1232 2580 1336 2652 ὅτι
1367 2598 1774 2652 συνεκπονεῖ
1795 2581 1971 2650 τάδε.

552 2686 719 2765 ἕξεις
747 2686 831 2752 δέ
850 2681 922 2771 μ’
957 2690 1109 2753 οἵαν
1132 2686 1261 2775 χρή
1288 2681 1354 2753 σ’
1389 2691 1566 2771 ἔχειν
1598 2689 1672 2753 ἐν
1701 2684 1957 2771 δώμασι

550 2780 847 2871 γυναῖκ’,
878 2783 1110 2872 ἐπειδὴ
1136 2788 1507 2855 Μενέλεων
1535 2783 1905 2874 εὐεργετεῖς

550 2881 709 2971 κάμ’
729 2906 745 2921 ·
778 2892 1037 2974 ἔρχεται
1064 2884 1192 2976 γὰρ
1222 2887 1310 2974 δή
1339 2884 1469 2956 τιν’
1511 2894 1604 2968 εἰς
1632 2887 1841 2975 τύχην
1866 2886 2057 2956 τάδε·

551 2982 731 3065 ὅστις
759 2986 834 3055 δὲ
862 2987 1063 3057 δώσει
1089 2996 1268 3058 ναῦν
1297 2991 1371 3058 ἐν
1397 2981 1442 3079 ᾗ
1471 2985 1620 3059 τάδ’
1657 2986 1920 3077 ἄξομεν,
2196 3003 2334 3057 1410

547 3088 951 3178 πρόσταξον,
982 3087 1071 3171 ὡς
1098 3086 1183 3159 ἂν
1210 3089 1335 3179 τὴν
1362 3092 1559 3180 χάριν
1587 3092 1806 3179 πλήρη
1837 3088 2041 3177 λάβω.

322 3196 579 3257 ΘΕΟΚ.
609 3189 811 3277 χώρει
840 3190 927 3261 σύ
957 3195 1069 3261 καὶ
1095 3199 1274 3263 ναῦν
1300 3198 1523 3261 τοῖσδε
1551 3193 2084 3282 πεντηκόντορον

546 3296 897 3362 Σιδωνίαν
924 3293 1041 3375 δὸς
1068 3291 1419 3384 κάρετμῶν
1446 3294 1813 3375 ἐπιστάτας.

321 3398 452 3459 EA.
545 3390 802 3463 οὔκουν
830 3391 935 3464 ὅδ’
970 3392 1154 3484 ἄρξει
1180 3395 1341 3478 ναὸς
1367 3392 1441 3477 ὃς
1467 3412 1707 3484 κοσμεῖ
1727 3397 1977 3484 τάφον;

322 3500 579 3563 ΘΕΟΚ.
612 3493 898 3583 μάλιστ’·
940 3493 1217 3567 ἀκούειν
1244 3503 1447 3568 τοῦδε
1475 3496 1600 3587 χρὴ
1628 3498 1878 3577 ναύτας
1912 3492 2133 3585 ἐμούς.
2199 3510 2336 3564 1415
