2492 3900
171 1261 331 1324 ΔΗ.

173 1670 318 1730 XO.

185 2588 301 2649 lo,

917 167 1457 226 ΗΡΑΚΛΕΙΔΑΙ
2064 163 2184 227 297

404 335 539 426 ἥξω
569 337 644 407 δὲ
672 335 928 424 πολλὴν
945 333 1184 424 ’Ἄρεος
1216 327 1523 424 Ἀργείου
1552 333 1781 423 λαβὼν
2087 350 2188 406 275

407 439 794 528 πάγχαλκον
821 434 1065 525 αἰχμὴν
1093 441 1321 524 δεῦρο.
1350 442 1583 524 μυρίοι
1611 441 1691 506 δέ
1724 465 1807 524 με

405 543 730 630 μένουσιν
757 536 1160 627 ἄσπιστῆρες
1184 534 1598 628 Εὐρυσθεύς
1623 536 1687 608 τ’
1720 535 1883 621 ἅναξ

405 639 608 722 αύτός
634 647 1054 730 στρατηγῶν·
1086 637 1424 709 Ἀλκάθου
1458 637 1522 709 δ’
1556 637 1649 711 ἐπ’
1688 640 1982 728 ἐσχάτοις

406 749 806 833 καραδοκῶν
835 739 1170 811 τάνθένδε
1198 743 1517 832 τέρμασιν
1542 745 1749 831 μένει.

406 843 705 934 λαμπρὸς
737 841 801 913 δ’
835 840 1128 924 ἀκούσας
1156 841 1286 938 σὴν
1314 840 1520 932 ὕβριν
1548 844 1917 932 φανήσεται
2087 859 2190 914 280

410 949 517 1017 σοὶ
543 949 657 1016 καὶ
690 953 993 1025 πολίταις
1022 952 1110 1035 γῇ
1135 973 1211 1014 τε
1237 950 1399 1035 τῇδε
1427 948 1539 1015 καὶ
1569 963 1837 1035 φυτοῖς·

405 1048 620 1136 μάτην
646 1046 776 1137 γὰρ
805 1044 981 1136 ἥβην
1011 1037 1150 1116 ῶδέ
1175 1044 1244 1135 γ’
1278 1042 1365 1115 α”ν
1391 1048 1782 1140 κεκτῴμεθα

407 1148 663 1237 πολλὴν
689 1153 765 1218 ἐν
777 1146 1044 1239 ”Αργει,
1075 1150 1166 1237 μή
1193 1171 1271 1218 σε
1296 1150 1805 1239 τιμωρούμενοι.

408 1259 704 1342 φθείρου
721 1273 737 1289 ·
767 1250 844 1320 τὸ
871 1250 998 1321 σὸν
1025 1248 1411 1341 γάρ”Αργος
1438 1249 1521 1321 ού
1550 1248 1804 1321 δέδοικ’
1836 1251 1985 1340 ἐγώ.

409 1356 691 1424 ἐνθένδε
722 1350 788 1423 δ’
823 1349 950 1424 οὐκ
981 1359 1247 1441 ἔμελλες
1276 1353 1595 1441 αἰσχύνας
1622 1355 1735 1441 ἐμὲ
2090 1369 2191 1424 285

409 1452 592 1538 ἄξειν
619 1463 736 1547 βίᾳ
773 1451 1031 1525 τούσδ’·
1067 1452 1152 1524 ού
1179 1454 1309 1544 γὰρ
1339 1452 1659 1545 Ἀργείων
1685 1456 1876 1526 πόλει

410 1555 713 1645 ὑπήκοον
743 1554 934 1646 τήνδ’
967 1554 1116 1626 ἀλλ’
1149 1561 1523 1646 ἐλευθέραν
1550 1565 1698 1645 ἔχω.

403 1657 546 1747 ῶρα
574 1675 928 1747 προνοεῖν,
958 1661 1120 1748 πρὶν
1149 1656 1335 1749 ὅροις
1362 1659 1642 1730 πελάσαι

405 1759 693 1850 στρατὸν
716 1757 1037 1851 Ἀργείων
1054 1784 1069 1798 ·

405 1863 578 1952 μάλα
606 1860 670 1932 δ’
705 1859 1077 1952 ὀξύς”Αρης
1109 1858 1144 1932 ὃ
1179 1871 1627 1952 Μυκηναίων,
1816 1909 1821 1915 -
2090 1877 2190 1932 290

409 1968 516 2035 ἐπὶ
544 1982 714 2036 τοῖσι
744 1967 820 2036 δὲ
846 1964 932 2054 δὴ
961 1973 1220 2053 μᾶλλον
1247 1964 1342 2035 ἔτ’
1374 1962 1418 2053 ἢ
1446 1972 1627 2053 πρίν.

409 2076 570 2138 πᾶσι
598 2066 728 2157 γὰρ
758 2058 954 2149 οὗτος
985 2066 1224 2157 κήρυξι
1254 2068 1475 2155 νόμος,

408 2172 513 2251 δὶς
537 2170 698 2239 τόσα
727 2176 1042 2258 πυργοῦν
1075 2176 1212 2239 τῶν
1240 2172 1678 2258 γιγνομένων.

408 2272 579 2343 πόσα
607 2300 720 2341 νιν
750 2275 966 2354 λέξειν
993 2279 1343 2359 βασιλεῦσι
1372 2278 1612 2358 δοκεῖς,

406 2371 496 2455 ῶς
529 2371 702 2443 δείν’
737 2381 996 2444 ἔπαθεν
1021 2376 1138 2443 καὶ
1163 2373 1347 2464 παρὰ
1374 2372 1619 2465 μικρὸν
2090 2388 2189 2444 295

409 2475 636 2566 ψυχὴν
661 2466 876 2564 ἦλθεν
903 2481 1323 2559 διακναῖσαις

409 2575 535 2647 οὐκ
565 2584 704 2647 ἔστι
734 2583 936 2648 τοῦδε
965 2580 1153 2648 παισὶ
1178 2578 1458 2647 κάλλιον
1484 2578 1683 2665 γέρας

411 2674 454 2769 ἢ
481 2678 730 2769 πατρὸς
757 2684 1012 2749 ἐσθλοῦ
1039 2675 1352 2767 κάγαθοῦ
1380 2680 1757 2767 πεφυκέναι

409 2798 650 2871 γαμεῖν
682 2781 743 2852 τ’
779 2779 895 2851 ἀπ’
931 2785 1234 2851 ἐσθλῶν·
1266 2777 1339 2862 ὂς
1376 2781 1451 2850 δὲ
1477 2781 1785 2869 νικηθεὶς
1812 2778 2008 2873 πόθῳ

399 2898 644 2965 ’κακοῖς
673 2884 1156 2972 ἐκοινώνησεν,
1187 2880 1315 2953 οὐκ
1344 2884 1695 2970 ἐπαινέσω,
2086 2898 2191 2953 300

413 2988 672 3067 τέκνοις
700 2983 967 3066 ὄνειδος
1017 2984 1216 3076 εἵνεχ’
1254 2982 1501 3074 ἡδονῆς
1529 2993 1769 3054 λιπεῖν.

413 3085 488 3156 τὸ
517 3088 843 3175 δυστυχὲς
867 3087 997 3178 γὰρ
1027 3084 1324 3177 ηὑγένει’
1360 3085 1684 3174 ἀμύνεται

415 3196 528 3278 τῆς
557 3196 956 3277 δυσγενείας
982 3198 1238 3278 μᾶλλον
1256 3213 1271 3227 ·
1300 3186 1489 3278 ἡμεῖς
1516 3186 1645 3279 γὰρ
1674 3195 1901 3257 κακῶν

417 3296 510 3373 εἰς
537 3288 906 3380 τοῦσχατον
935 3292 1253 3373 πεσόντες
1270 3289 1570 3382 ηὕρομεν
1598 3298 1840 3379 φίλους

415 3395 527 3461 καὶ
555 3396 902 3482 ξυγγενεῖς
928 3390 1188 3481 τούσδ’,
1219 3403 1289 3464 οἳ
1312 3390 1583 3483 τοσῆσδ’
1616 3394 2013 3479 οἰκουμένης
2090 3406 2191 3460 305

403 3489 785 3585 Ἑλληνίδος
811 3502 933 3585 γῆς
959 3501 1176 3565 τῶνδε
1202 3496 1633 3585 προύστησαν
1659 3494 1874 3581 μόνοι.
