2492 3900
120 516 277 577 ΟΡ.

118 719 290 779 ΗΛ.

121 821 278 881 ΟΡ.

958 135 1352 192 ΗΛΕΚΤΡΑ
2033 134 2149 196 ’153

371 302 687 389 μολόντες
715 298 993 390 ἀνδρός·
1024 305 1137 371 καὶ
1165 303 1294 391 γὰρ
1326 311 1390 372 εί
1418 305 1621 390 πένης
1650 310 1848 393 ἔφυν,

376 401 562 473 οὗτοι
591 404 665 471 τό
690 401 744 488 γ’
770 394 939 491 ἦθος
966 407 1289 492 δυσγενὲς
1316 407 1704 492 παρέξομαι.

372 505 537 593 πρὸς
565 513 785 591 θεῶν,
817 502 921 574 ὅδ’
959 503 1131 594 ἀνὴρ
1174 503 1247 586 ὃς
1275 509 1752 576 συνεκκλέπτει
1782 507 2030 596 γάμους

372 607 531 688 τοὺς
559 607 750 694 σούς,
773 604 1090 695 Ὀρέστην
1116 605 1201 677 οὐ
1230 608 1700 696 καταισχύνειν
1726 613 1989 691 θέλωνῑ,
2053 632 2149 680 „4551

372 701 565 788 οὗτος
593 713 903 797 κέκληται
936 710 1125 790 πόσις
1154 709 1308 798 ἐμὸς
1337 718 1452 798 τῆς
1480 708 1743 791 ἀθλίας.

376 834 543 897 φευ·

378 910 504 982 οὐκ
534 909 669 981 ἔστ’
702 909 973 1000 ἀκριβὲς
1002 908 1208 981 οὐδὲν
1237 919 1332 992 εἰς
1364 911 1762 1003 εὐανδρίαν·

376 1022 600 1100 ἔχουσι
629 1012 756 1102 γὰρ
786 1011 1129 1103 ταραγμὸν
1157 1018 1232 1081 αἰ
1257 1014 1495 1101 φύσεις
1524 1024 1810 1105 βροτῶν.

375 1113 504 1203 ἤδη
539 1115 665 1203 γὰρ
696 1115 878 1185 εἶδον
908 1123 1121 1188 παῖδα
1148 1124 1469 1201 γενναίου
1500 1116 1749 1207 πατρὸς

376 1216 448 1286 τὸ
476 1217 688 1305 μηδὲν
715 1214 909 1304 ὄντα,
937 1216 1187 1306 χρηστά
1216 1215 1282 1286 δ’
1316 1222 1389 1288 ἐκ
1417 1227 1646 1289 κακῶν
1675 1223 1896 1308 τέκνα,
2053 1244 2153 1292 ῑῆῖιῑ

383 1318 578 1406 λιμόν
602 1317 664 1386 τ’
701 1323 774 1389 έν
801 1316 1050 1408 ἀνδρὸς
1077 1327 1410 1389 πλουσίου
1440 1322 1837 1410 φρονήματι,

378 1420 653 1510 γνώμην
684 1423 759 1491 δὲ
785 1422 1083 1509 μεγάλην
1112 1425 1186 1490 ἐν
1214 1423 1448 1510 πένητι
1476 1424 1747 1512 στόματι.

380 1530 521 1604 πῶς
550 1514 677 1592 οὖν
702 1552 801 1604 τις
828 1521 1000 1593 αὐτὰ
1030 1522 1374 1612 διαλαβῶν
1403 1523 1630 1614 ὀρθῶς
1657 1543 1882 1614 κρινεῖ
1890 1561 1908 1612 3

382 1626 687 1717 πλούτως
717 1633 990 1716 πονηρῷ
1018 1625 1083 1713 γ’
1119 1617 1251 1713 ἆρα
1278 1627 1590 1717 χρήσεται
1619 1637 1813 1718 κριτῇ
1834 1652 1849 1666 ·

381 1723 422 1814 ἢ
448 1743 584 1807 τοῖς
618 1735 841 1815 ἔχουσι
869 1731 1114 1816 μηδέν;
1145 1726 1294 1796 ἀλλ’
1328 1737 1462 1817 ἔχει
1494 1729 1697 1799 νόσον
2053 1748 2113 1796 4⁴2?
2133 1752 2149 1780 ’-

381 1837 609 1915 πενία,
639 1831 941 1900 διδάσκει
972 1829 1036 1898 δ’
1073 1827 1289 1918 ἄνδρα
1318 1839 1398 1921 τῇ
1426 1839 1618 1922 χρείᾳ
1645 1833 1874 1902 κακόν.

378 1928 527 2000 ἀλλ’
566 1938 658 2012 είς
692 1928 1127 2015 ὅπλ’ἐλθῶν;
1164 1941 1264 2012 τίς
1302 1934 1376 2002 δὲ
1413 1934 1581 2020 πρὸς
1620 1930 1873 2022 λόγχην
1907 1940 2021 2022 flas-3
2037 1964 2173 2001 πων

379 2034 631 2122 μάρτυς
658 2032 902 2122 γένοιτ’
942 2030 1027 2103 ἂν
1054 2031 1234 2112 ὅστις
1263 2034 1445 2101 ἐστὶν
1473 2030 1764 2119 ἁγαθός;

377 2137 730 2220 κράτιστον
761 2142 904 2225 εἰκῇ
933 2132 1111 2204 ταῦτ’
1147 2138 1265 2204 ἐᾶν
1294 2132 1643 2221 ἀφειμένα.

376 2229 571 2317 οὗτος
605 2237 733 2326 γὰρ
763 2234 933 2325 ἀνὴρ
966 2234 1110 2306 οὔτ’
1149 2240 1224 2305 ἐν
1254 2234 1577 2323 Ἀργείοις
1605 2237 1807 2323 μέγας
2057 2261 2153 2297 ³³2¹st

382 2336 524 2409 οὔτ’
559 2330 647 2408 αὖ
676 2340 946 2427 δοκήσει
975 2339 1302 2426 δωμάτων
1330 2337 1746 2426 ὠγκωμένος,

382 2444 455 2510 ἐν
484 2458 621 2522 τοῖς
647 2469 718 2510 τε
752 2451 1023 2523 πολλοῖς
1057 2437 1153 2509 ῶν
1181 2438 1447 2529 ἄριστος
1468 2438 1747 2528 ηὑρέθη.

380 2541 462 2612 οὐ
490 2542 579 2629 μὴ
609 2539 1008 2631 φρονήσεθ’,
1050 2551 1120 2611 οἳ
1142 2550 1363 2612 κενῶν
1391 2541 1821 2627 δοξασμάτων

383 2644 655 2734 πλήρεις
682 2652 1053 2731 πλανᾶσθε,
1094 2652 1174 2734 τῇ
1201 2642 1267 2711 δ’
1302 2641 1529 2733 ὁμιλίᾳ
1556 2642 1841 2732 βροτοὺς

383 2762 673 2833 κρινεῖτε
700 2750 812 2814 καὶ
840 2763 976 2827 τοῖς
1002 2744 1248 2833 ἤθεσιν
1277 2744 1434 2826 τοὺς
1463 2742 1791 2833 εὐγενεῖς;
2057 2765 2153 2809 ,εκ-ψ

385 2854 457 2917 oc
479 2848 606 2936 γὰρ
633 2854 880 2917 τοιοίδε
908 2848 1023 2929 τὰς
1050 2849 1276 2927 πόλεις
1303 2855 1607 2916 οἰκοῦσιν
1638 2836 1718 2915 εὖ

385 2953 497 3018 καὶ
524 2949 823 3038 δώμαθ’,
857 2957 933 3019 αἰ
962 2951 1037 3020 δὲ
1063 2950 1304 3038 σάρκες
1329 2954 1404 3017 αί
1430 2951 1619 3018 κεναὶ
1652 2954 1926 3038 φρενῶν

382 3050 703 3139 ἀγάλματ’
738 3051 988 3140 ἀγορᾶς
1017 3059 1205 3121 εἰσιν.
1233 3048 1396 3120 οὐδὲ
1423 3050 1550 3140 γὰρ
1582 3051 1753 3136 δόρυ

382 3161 638 3241 μᾶλλον
665 3162 964 3242 βραχίων
991 3150 1326 3239 σθεναρὸς
1355 3151 1694 3231 ἀσθενοῦς
1721 3155 1906 3238 μένει
1924 3174 1937 3186 ·

384 3260 458 3324 ἐν
486 3264 564 3343 τῇ
593 3254 799 3343 φύσει
827 3258 900 3325 δὲ
928 3263 1123 3324 τοῦτο
1148 3252 1278 3322 κάν
1307 3252 1617 3344 εὐψυχίᾳ.
2061 3277 2137 3313 [ΨΜ

386 3354 533 3425 ἀλλ’
568 3356 745 3440 ἄξιος
775 3359 900 3448 γὰρ
931 3354 968 3425 ὅ
999 3385 1069 3426 τε
1098 3354 1334 3444 παρῶν
1363 3352 1401 3425 ὅ
1429 3353 1477 3423 τ’
1509 3354 1592 3425 οὐ
1622 3353 1858 3443 παρών

377 3456 865 3547 Ἀγαμέμνονος
895 3476 1078 3543 παῖς,
1112 3450 1323 3546 οὗπερ
1362 3454 1571 3544 εἵνεχ’
1617 3454 1887 3543 ἥκομεν,
