2492 3900
21 1886 26 1994 ἱ

1008 156 1455 212 ΑΛΚΗΣΤΙΣ
2129 148 2209 217 37

419 321 625 409 τόλμα
655 318 720 390 δ’
743 344 758 357 ·
791 318 875 390 οὐ
905 321 1035 411 γὰρ
1065 320 1330 405 ἀνάξεις
1358 319 1495 393 ποτ’
1529 330 1816 413 ἔνερθεν
2107 340 2211 396 986

417 431 672 493 κλαίων
698 421 858 502 τοὺς
895 426 1275 511 φθιμένους
1313 421 1476 494 ἅνω.

418 527 530 593 καὶ
559 532 748 594 θεῶν
777 526 1034 594 σκότιοι
1064 533 1397 612 φθίνουσι

418 633 652 708 παῖδες
684 630 759 696 ἐν
786 627 1084 719 θανάτῳ.
2104 645 2211 701 990

419 736 584 817 φίλα
610 728 736 817 μὲν
763 725 852 797 ὅτ’
885 720 972 817 ἦν
1009 725 1157 818 μεθ’
1192 727 1408 818 ἡμῶν,

419 837 584 920 φίλα
612 832 688 902 δὲ
716 831 1014 901 θανοῦσ’
1044 838 1109 911 ἐς
1141 834 1270 900 ἀεί·

418 935 897 1021 γενναιοτάταν
925 934 1002 1003 δὲ
1033 940 1257 1003 πασᾶν

417 1036 650 1120 ἐζεύξω
678 1043 964 1116 κλισίαις
994 1033 1274 1106 ἄκοιτιν.
2105 1052 2209 1108 994

417 1139 585 1227 μηδὲ
612 1145 876 1228 νεκρῶν
905 1134 994 1219 ὥς
1023 1142 1384 1227 φθιμένων
1407 1145 1598 1226 χῶμα
1612 1140 1985 1226 νομιζέσθω
2058 1136 2201 1209 ἀντ.

415 1241 662 1329 τύμβος
688 1247 806 1322 σᾶς
835 1238 1117 1329 ἀλόχου,
1147 1252 1371 1311 θεοῖσι
1400 1237 1465 1309 δ’
1500 1237 1746 1329 ὁμοίως

415 1340 758 1431 τιμάσθω,
789 1347 987 1430 σέβας
1015 1343 1351 1432 ἐμπόρων.

419 1454 539 1513 καί
566 1473 666 1525 τις
701 1450 984 1534 δοχμίαν
1013 1448 1347 1515 κέλευθον
2068 1466 2205 1519 1000

414 1550 753 1635 ἐμβαίνων
789 1546 929 1617 τόδ’
965 1552 1108 1638 ἐρεῖ
1119 1571 1133 1585 ·

414 1646 586 1719 αὕτα
613 1651 774 1720 ποτὲ
800 1648 1130 1740 προύθαν’
1163 1648 1432 1742 ἀνδρός,

411 1760 545 1821 νῦν
575 1750 642 1821 δ’
678 1755 815 1823 ἐστὶ
843 1752 1136 1843 μάκαιρα
1165 1759 1461 1842 δαίμων·

409 1853 604 1944 χαῖρ’,
637 1844 692 1922 03
721 1852 956 1941 πότνι’,
989 1847 1070 1924 εὖ
1097 1857 1173 1925 δὲ
1203 1862 1412 1944 δοίης.

411 1963 596 2027 τοῖαί
618 1985 732 2024 νιν
759 1964 1167 2046 προσεροῦσι
1194 1962 1433 2046 φᾶμαι.
2063 1977 2199 2030 1005

417 2060 534 2127 καὶ
560 2057 696 2146 μὴν
721 2054 834 2141 δ’δ’,
869 2054 958 2138 ὡς
985 2065 1218 2148 ἔοικεν,
1231 2057 1600 2148 Ἀλκμήνης
1628 2060 1846 2148 γόνος,

388 2159 716 2249 ’Ἀδμητε,
747 2159 916 2251 πρὸς
943 2160 1072 2250 σὴν
1103 2165 1332 2233 ἑστίαν
1368 2163 1749 2253 πορεύεται.

181 2271 317 2332 ΗΡ.
403 2270 607 2350 φίλον
635 2261 802 2352 πρὸς
833 2261 1051 2352 ἄνδρα
1077 2265 1202 2355 χρὴ
1231 2266 1457 2354 λέγειν
1488 2269 1889 2356 ἐλευθέρως,

390 2361 715 2454 ’Ἀδμητε,
746 2365 1016 2454 μομφὰς
1043 2365 1112 2436 δ’
1147 2365 1272 2457 οὐχ
1299 2365 1432 2439 ὑπὸ
1463 2369 1864 2459 σπλάγχνοις
1892 2377 2070 2458 ἔχειν

408 2467 697 2555 σιγῶντ’.
741 2467 872 2556 ἐγώ
905 2471 981 2538 δὲ
1008 2485 1149 2550 σοῖς
1177 2487 1489 2541 κακοῖσιν
1513 2469 1755 2559 ἠξίουν
2064 2490 2197 2542 1010

410 2569 611 2658 ἐγγὺς
639 2570 987 2657 παρεστώς
1017 2573 1433 2657 ἐξετάζεσθαι
1464 2581 1693 2662 φίλος·

409 2671 495 2741 σύ
531 2669 595 2741 δ’
630 2670 757 2742 οὐκ
786 2680 1063 2763 ε”φραζες
1090 2679 1208 2762 σῆς
1237 2683 1683 2765 προκείμενον
1717 2678 1927 2745 νέκυν

408 2774 761 2862 γυναικός,
797 2772 967 2845 ἄλλά
993 2774 1053 2864 μ’
1089 2780 1363 2863 ἐξένιζες
1392 2782 1467 2848 ἐν
1496 2779 1749 2868 δόμοις,

411 2873 499 2956 ὦς
529 2874 612 2964 δὴ
644 2884 947 2967 θυραίου
976 2879 1274 2968 πήματος
1304 2881 1615 2970 σπουδὴν
1642 2889 1835 2970 ἔχων.

409 2975 706 3062 κᾶστεψα
732 2988 942 3071 κρᾶτα
968 2984 1083 3051 καὶ
1117 2992 1309 3064 θεοῖς
1336 2985 1704 3072 ἐλειψάμην
2066 3001 2194 3054 1015

408 3081 706 3163 σπονδὰς
733 3087 808 3152 έν
837 3093 1048 3165 οἴκοις
1075 3090 1484 3174 δυστυχοῦσι
1510 3103 1681 3157 τοῖσι
1708 3103 1871 3168 σοῖς.

409 3187 522 3253 καὶ-
548 3187 893 3274 μέμφομαι
919 3189 1044 3275 μὲν
1079 3190 1422 3277 μέμφομαι
1451 3188 1701 3259 παθών
1726 3190 1907 3277 τάδε,

409 3284 491 3355 οὐ
528 3283 664 3376 μήν
692 3310 770 3358 σε
801 3298 1046 3359 λυπεῖν
1071 3293 1148 3360 έν
1175 3307 1443 3360 κακοῖσι
1474 3291 1825 3380 βούλομαι.

407 3379 504 3457 ὦν
533 3387 598 3458 δ’
652 3389 850 3479 εἵνεχ’
882 3388 1024 3479 ἥκω
1054 3389 1235 3483 δεῦρ’
1269 3389 1695 3483 ὑποστρέψας
1722 3394 1927 3463 πάλιν

317 3545 324 3556 .
405 3493 589 3574 λέξω.
647 3509 938 3580 γυναῖκα
965 3493 1168 3582 τήνδε
1195 3523 1305 3583 μοι
1346 3501 1568 3565 σῶσον
1598 3495 1848 3582 λαβών,
1906 3593 1909 3596 ἡ
2060 3508 2196 3560 1020
