2492 3900
316 186 440 248 454
1059 185 1342 245 111110A
1350 184 1567 244 ΥΓΟΣ

547 351 990 443 προυφαίνετ’
1056 360 1148 433 εἰς
1201 350 1711 442 τοῦμπροσθεν,
1768 348 1926 424 ὥστ’
1999 351 2310 443 άναστρέ-
2448 342 2463 445 Q

1225 482 1403 543 φειν,

542 567 785 647 ταῦρος
815 558 1008 651 φόβῳ
1035 558 1367 646 τέτρωρον
1395 561 1731 644 ἐκμαίνων
1757 553 1947 646 ὄχον·

548 668 612 730 εἰ
638 659 705 730 δ’
743 668 834 741 είς
862 664 1104 748 πέτρας
1134 662 1450 747 φέροιντο
1476 665 1825 747 μαργῶσαι
1852 662 2131 749 φρένας,
2190 677 2317 733 1230

544 771 699 853 σιγῇ
728 763 1026 845 πελάζων
1055 758 1296 849 ἄντυγι
1327 765 1673 843 ξυνείπετο

551 872 643 944 εἰς
669 862 865 933 τοῦθ’
901 867 1023 943 ἕως
1053 871 1301 952 ἔσφηλε
1328 861 1809 949 κᾶνεχαίτισεν,

546 964 754 1048 ἁψῖδα
781 969 1002 1057 πέτρῳ
1031 963 1435 1055 προσβαλῶν
1462 962 1803 1051 ὀχήματος.

548 1071 911 1157 σύμφυρτα
945 1066 1010 1138 δ’
1042 1059 1129 1155 ἦν
1159 1063 1450 1137 ἅπαντα·
1485 1067 1800 1153 σύριγγές
1829 1063 1889 1136 τ’
1924 1064 2066 1135 ἄνω

551 1177 807 1260 τροχῶν
843 1170 1111 1257 ἐπήδων
1136 1166 1397 1251 ἀξόνων
1423 1166 1484 1237 τ’
1517 1168 1818 1254 ἐνήλατα.
2197 1186 2321 1239 1235

545 1268 748 1351 αὐτὸς
775 1268 840 1340 δ’
875 1268 910 1340 ὁ
938 1271 1205 1360 τλήμων
1235 1267 1537 1358 ἡνίαισιν
1564 1273 1919 1358 ἐμπλακεὶς

547 1368 796 1461 δεσμὸν
824 1374 1321 1462 δυσεξήνυστον
1347 1376 1603 1443 ἕλκεται
1633 1377 1881 1458 δεθείς,

544 1474 1000 1561 σποδούμενος
1032 1477 1156 1561 μὲν
1182 1472 1350 1564 πρὸς
1382 1478 1649 1563 πέτραις
1677 1480 1879 1561 φίλον
1907 1474 2105 1563 κάρα,

545 1575 829 1664 θραύων
857 1576 933 1643 δὲ
961 1576 1242 1663 σάρκας,
1275 1574 1467 1645 δεινὰ
1496 1573 1561 1645 δ’
1596 1580 1895 1657 ἐξαυδῶν
1922 1576 2198 1645 κλύειν’

546 1675 756 1765 στῆτ’,
789 1669 842 1745 ῶ
875 1677 1189 1764 φάτναισι
1217 1692 1361 1758 ταῖς
1389 1681 1573 1765 ἐμαῖς
1600 1680 2081 1765 τεθραμμέναι,
2192 1695 2327 1749 1240
2460 1664 2462 1675 ⁴

546 1780 635 1869 μή
665 1777 736 1868 μ’
771 1775 1139 1866 ἐξαλείψητ’
1166 1800 1179 1815 ·
1214 1769 1270 1847 ὦ
1297 1778 1545 1867 πατρὸς
1573 1777 1829 1849 τάλαιν’
1866 1776 2017 1867 άρά.

545 1890 643 1963 τίς
672 1878 866 1971 ἄνδρ’
900 1878 1177 1971 ἄριστον
1204 1880 1521 1970 βούλεται
1550 1888 1761 1949 σῶσαι
1790 1881 2066 1970 παρεόν,

547 1987 781 2054 πολλοὶ
809 1985 884 2053 δὲ
911 1987 1364 2072 βουληθέντες
1390 1979 1647 2075 ὑστέρῳ
1676 1987 1835 2052 ποδὶ
2459 2057 2460 2072 ¹

547 2086 1011 2174 ἐλειπόμεσθα.
1047 2084 1140 2174 χῶ
1168 2086 1295 2174 μὲν
1322 2089 1395 2154 ἐκ
1422 2090 1691 2174 δεσμῶν
1718 2087 1954 2165 λυθεὶς
2458 2075 2461 2250 1

545 2195 811 2276 τμητῶν
847 2187 1140 2275 ἱμάντων
1167 2185 1251 2258 οὐ
1280 2184 1537 2257 κάτοιδ’
1568 2183 1703 2280 ὅτῳ
1731 2187 1953 2279 τρόπῳ
2194 2205 2329 2259 1245

545 2296 803 2376 πίπτει,
834 2290 1095 2377 βραχὺν
1125 2289 1208 2376 δὴ
1238 2297 1470 2377 βίοτον
1502 2293 1806 2378 ἐμπνέων
1834 2296 1961 2358 ἔτι·

547 2397 735 2461 ἵπποι
763 2385 828 2459 δ’
860 2397 1212 2480 ἔκρυφθεν
1239 2393 1353 2459 καὶ
1378 2389 1453 2462 τὸ
1492 2391 1829 2479 δύστηνον
1853 2395 2048 2478 τέρας

545 2492 801 2583 ταύρου
829 2501 1102 2573 λεπαίας
1131 2489 1216 2562 οὐ
1245 2491 1497 2562 κάτοιδ’
1532 2489 1703 2564 ὅπου
1730 2492 1997 2580 χθονός.

548 2603 792 2676 δοῦλος
817 2597 940 2684 μὲν
968 2586 1093 2664 οὖν
1125 2602 1336 2684 ἔγωγε
1365 2603 1505 2664 σῶν
1534 2595 1795 2682 δόμων,
1824 2592 2008 2680 ἅναξ,

547 2695 712 2785 άτᾶρ
743 2698 1069 2767 τοσοῦτόν
1093 2695 1158 2785 γ’
1198 2694 1282 2765 οὐ
1311 2697 1693 2784 δυνήσομαί
1714 2722 1875 2765 ποτε
2196 2716 2331 2768 1250

544 2798 664 2869 τὸν
695 2797 818 2868 σὸν
847 2803 1174 2869 πιθέσθαι
1203 2795 1392 2868 παῖδ’
1428 2795 1609 2880 ὅπως
1638 2801 1818 2868 ἐστὶν
1845 2798 2071 2886 κακός,

544 2898 694 2970 οὐδ’
731 2907 794 2969 εἰ
819 2908 1165 2988 γυναικῶν
1193 2909 1329 2970 πᾶν
1360 2908 1771 2989 κρεμασθείη
1802 2904 1995 2988 γένος

545 3005 657 3072 καὶ
683 3001 808 3089 τὴν
838 3005 911 3071 ἐν
925 3000 1068 3093 Ἴδῃ
1095 3003 1503 3092 γραμμάτων
1528 3004 1803 3093 πλήσειέ
1828 3030 1925 3083 τις

544 3103 838 3192 πεύκην,
869 3107 1020 3175 ἐπεί
1045 3134 1156 3175 νιν
1185 3105 1436 3175 ἐσθλὸν
1465 3102 1606 3175 ὅντ’
1642 3108 2010 3192 ἐπίσταμαι.

312 3215 454 3276 XO.
537 3214 708 3278 αἰαῖ·
746 3208 1101 3296 κέκρανται
1129 3206 1445 3298 συμφορὰ
1478 3211 1654 3278 νέων
1680 3214 1928 3292 κακῶν,
2190 3225 2328 3277 1255

543 3305 696 3379 οὐδ’
731 3316 866 3378 ἔστι
893 3317 1129 3401 μοίρας
1154 3317 1279 3380 τοῦ
1306 3310 1523 3399 χρεῶν
1548 3308 1607 3379 τ’
1640 3305 2005 3398 ἀπαλλαγή.

314 3419 461 3476 ΘΗ.
537 3418 717 3497 μίσει
743 3411 867 3496 μὲν
887 3407 1132 3499 ἀνδρὸς
1159 3418 1283 3480 τοῦ
1308 3413 1722 3492 πεπονθότος
1746 3406 1907 3480 τάδε

2380 3555 2451 3846 ἀ
