2492 3900
166 740 323 801 ΘΗ.

170 2373 311 2434 XO.

171 2575 317 2637 ΘΗ.

957 159 1174 217 111110
1186 160 1465 219 ΛΤΙὈΣ
2058 158 2177 222 441

407 332 554 395 αἰαῖ
577 328 852 413 τόλμας,
888 333 1118 414 βιαίως
1152 319 1449 394 θανοῠσ’

409 424 660 518 ἀνοσίῳ
686 454 758 495 τε
782 434 1137 521 συμφορᾷ,
1168 434 1288 509 σᾶς
1318 426 1511 517 χερὸς

411 530 749 617 πάλαισμα
775 531 1028 617 μελέας.
2076 550 2177 605 815

405 638 504 723 τίς
538 628 668 720 ἄρα
695 631 854 717 σάν,
883 627 1167 717 τάλαιν’,
1200 629 1497 721 ἀμαυροῖ
1518 631 1729 716 §maim

408 730 575 822 ῶμοι
605 730 734 820 ἐγῶ
766 733 1027 803 πόνων·
1061 741 1342 821 ἔπαθον,
1374 726 1431 803 ῶ
1460 735 1668 822 πόλις,
2035 754 2173 818 στρ.

405 833 485 903 τὰ
513 832 774 923 μάκιστ’
806 838 986 922 ἐμῶν
1013 843 1261 904 κακῶν.
1292 826 1346 904 ῶ
1375 836 1563 923 τύχα,
1594 914 1601 919 ,

406 933 495 1017 ῶς
522 965 635 1024 μοι
661 945 900 1025 βαρεῖα
926 939 1038 1005 καὶ
1072 938 1301 1025 δόμοις
1329 939 1717 1026 ἐπεστάθης,

403 1041 592 1127 κηλὶς
617 1034 957 1127 ἄφραστος
989 1041 1054 1121 ἐξ
1085 1035 1474 1127 ἀλαστόρων
1507 1039 1707 1120 τινός.
2077 1058 2179 1112 820

401 1138 735 1211 κατακονὰ
762 1140 888 1230 μὲν
913 1131 1041 1210 οὖν
1068 1138 1338 1228 ἄβίοτος
1362 1148 1520 1229 βίου
1536 1164 1551 1177 ·

399 1250 628 1312 κακῶν
658 1239 724 1311 δ’
759 1233 813 1311 ῶ
841 1243 1043 1323 τάλας
1071 1244 1353 1330 πέλαγος
1382 1249 1621 1333 εἰσορῶ

400 1351 723 1415 τοσοῦτον
757 1340 926 1413 ῶστε
955 1341 1196 1433 μήποτ’
1230 1348 1543 1433 ἐκνεῦσαι
1568 1345 1772 1414 πάλιν
1804 1428 1809 1433 ,

397 1442 558 1534 μηδ’
593 1450 953 1535 ἐκπερᾶσαι
981 1454 1164 1534 κῦμα
1189 1452 1390 1534 τῆσδε
1419 1455 1787 1536 συμφορᾶς.

400 1554 551 1618 τίνα
579 1548 779 1636 λόγον
803 1548 1033 1636 τάλας,
1063 1557 1213 1618 τίνα
1239 1550 1450 1637 τύχαν
1476 1552 1684 1618 σέθεν
2075 1568 2179 1623 826

398 1649 864 1739 βαρύποτμον,
899 1651 1136 1738 γύναι,
1167 1656 1576 1739 προσαυδῶν
1608 1646 1821 1738 vizon

402 1748 588 1840 ὅρνις
615 1751 744 1842 γὰρ
782 1750 872 1831 ῶς
899 1780 996 1831 τις
1023 1756 1096 1821 ἐκ
1122 1760 1343 1840 χερῶν
1368 1749 1661 1839 ἄφαντος
1690 1752 1769 1838 εἴ,

397 1852 649 1941 πήδημ’
681 1857 748 1933 ἐς
769 1850 1004 1923 ’Ἅιδου
1035 1850 1368 1943 κραιπνὸν
1396 1850 1740 1942 ὁρμήσασα
1768 1882 1902 1941 μοι.

401 1962 547 2026 αἰαῖ
571 1962 742 2043 αἰαῖ,
775 1959 976 2045 μέλεα
1002 1959 1204 2044 μέλεα
1231 1955 1389 2024 τάδε
1418 1957 1625 2043 πάθη.
2072 1977 2176 2028 830

401 2057 765 2146 πρόσωθεν
800 2060 880 2128 δέ
904 2068 1121 2127 ποθεν
1151 2056 1627 2146 ἆνακομίζομαι

398 2159 610 2247 τύχαν
637 2161 980 2249 δαιμόνων

399 2259 835 2351 ἀμπλακίαισι
861 2269 998 2332 τῶν
1024 2260 1355 2346 πάροιθέν
1382 2289 1578 2343 τινος.

397 2361 482 2433 οὐ
512 2366 620 2433 σοὶ
646 2361 817 2451 τάδ’,
849 2355 1059 2449 ῶναξ,
1103 2363 1369 2450 ἤλυθεν
1406 2365 1591 2456 μόνῳ
1621 2364 1794 2432 κακά
1812 2384 1827 2398 ·

398 2473 668 2538 πολλῶν
695 2463 836 2553 μετ’
877 2463 1102 2534 ἄλλων
1131 2462 1196 2533 δ’
1231 2462 1485 2545 ῶλεσας
1518 2464 1765 2534 κεδνὸν
1794 2467 1999 2552 λέχος.
2068 2483 2171 2536 835

399 2566 474 2638 τὸ
504 2565 670 2637 κατὰ
696 2575 818 2655 γᾶς
846 2570 1028 2636 θέλω
1045 2618 1063 2654 ,
1094 2564 1168 2635 τὸ
1199 2565 1367 2636 κατὰ
1395 2573 1514 2654 γᾶς
1542 2569 1795 2656 κνέφας
2032 2561 2174 2632 άντ.

396 2685 730 2758 μετοικεῖν
757 2667 972 2761 σκότῳ
1000 2666 1238 2738 θανῶν
1266 2665 1302 2738 ὃ
1330 2669 1618 2756 τλάμων,

397 2779 511 2859 τῆς
538 2778 657 2859 σῆς
683 2772 1035 2860 στερηθεὶς
1063 2769 1383 2860 φιλτάτης
1411 2767 1669 2859 ὁμιλίας
1686 2792 1701 2807 ·

399 2871 745 2954 ἀπώλεσας
771 2871 901 2963 γὰρ
931 2879 1188 2960 μᾶλλον
1215 2868 1259 2960 ἢ
1286 2875 1680 2960 κατέφθισο.

395 2983 546 3045 τίνα
574 2980 794 3060 κλύως
835 2981 1054 3045 πόθεν
1081 2973 1463 3059 θανάσιμος
1497 2975 1663 3060 τύχα
2070 2991 2173 3044 840

395 3077 600 3163 γύναι
634 3076 764 3143 σὰν
795 3072 1078 3142 τάλαινα
1111 3075 1401 3158 κραδίαν
1438 3075 1596 3158 ἔβας

399 3189 574 3248 εἴποι
600 3203 700 3258 τις
729 3171 816 3245 ἂν
842 3174 916 3246 τὸ
945 3178 1285 3265 πραχθέν,
1314 3170 1359 3263 ἢ
1392 3175 1607 3262 μάτην
1634 3173 1832 3264 ὄχλον

396 3283 611 3368 στέγει
637 3276 974 3369 τύραννον
1005 3283 1194 3364 δῶμα
1221 3277 1625 3365 προσπόλων
1653 3282 1866 3366 ε’μῶν;

416 3435 641 3514 ἐπαύεθ’
679 3433 925 3510 ἁρμούς,
963 3433 1041 3500 ὥς
1077 3439 1184 3492 ἴδω
1223 3434 1435 3509 πικρὰν
1468 3437 1635 3491 θέαν.
2020 3465 2025 3470 ·
2078 3403 2179 3498 825

787 3539 888 3594 817
905 3537 1401 3594 —829=836—
1418 3535 1518 3591 847
