2492 3900
343 148 468 213 396
1149 150 1561 209 ΙΚΕΤΙΔΕΣ

557 314 795 389 ’Ἅιδου
825 344 896 386 τε
923 313 1181 404 μολπὰς
1207 318 1413 403 ἐκχέω
1445 318 1945 407 δακρυρρόους,

573 427 817 509 φίλους
845 423 1287 508 προσαυδῶν,
1324 446 1424 487 ων
1454 422 1879 507 λελειμμένος
1908 421 2119 535 τάλας

574 530 784 612 ἔρημα
814 528 1057 591 κλαίω·
1086 527 1285 590 τοῦτο
1312 520 1441 609 γὰρ
1469 520 1683 608 μόνον
1708 530 1978 610 βροτοῖς

570 622 696 695 οὐκ
726 631 864 692 ἔστι
890 617 1228 710 τάνάλωμ’
1262 618 1623 692 ἀναλωθὲν
1647 631 1903 711 λαβεῖν,

2278 540 2369 596 775

569 724 796 814 ψυχὴν
823 732 1170 813 βροτείαν·
1207 724 1565 812 χρημάτων
1596 722 1663 793 δ’
1704 728 1873 796 εἰσὶν
1901 728 2126 817 πόροι.

344 836 484 897 ΧΟ.
567 828 646 897 τὰ
674 828 798 915 μὲν
829 818 928 914 εὖ,
959 825 1039 894 τὰ
1069 826 1145 895 δὲ
1173 831 1503 914 δυστυχῆ·

571 930 760 999 πόλει
789 928 914 1017 μὲν
945 926 1215 1010 εὐδοξία

572 1035 687 1101 καὶ
713 1030 1188 1121 στρατηλάταις
1214 1029 1417 1119 δορὸς

575 1134 953 1217 διπλάζεται
978 1132 1164 1220 τιμά·

574 1237 720 1322 ἐμοὶ
753 1236 829 1305 δὲ
865 1242 1124 1305 παίδων
1158 1242 1282 1323 μὲν
1319 1240 1590 1302 εἰσιδεῖν
1622 1238 1785 1320 μέλη

575 1337 855 1428 πικρόν,
885 1335 1093 1406 καλὸν
1121 1338 1345 1424 θέαμα
1376 1332 1469 1423 δ’,
1501 1346 1687 1426 εἴπερ
1717 1333 1968 1425 ὄψομαι

573 1436 698 1507 τὰν
726 1436 1016 1507 ἄελπτον
1045 1435 1325 1527 ἁμέραν,

577 1545 817 1609 ἰδοῦσα
847 1539 1120 1608 πάντων
1147 1542 1463 1627 μέγιστον
1493 1537 1713 1628 ἄλγος.

575 1638 834 1731 ἄγαμόν
861 1637 934 1729 μ’
968 1647 1065 1711 ἔτι
1093 1638 1284 1730 δεῦρ’
1320 1640 1427 1711 ἀεὶ

569 1744 806 1833 χρόνος
835 1742 1116 1824 παλαιὸς
1143 1741 1360 1833 πατὴρ

574 1844 786 1934 ὤφελ’
825 1842 1081 1935 ἁμερᾶν
1107 1852 1348 1913 κτίσαι.

570 1956 642 2019 τί
663 1948 788 2040 γάρ
815 1945 888 2037 μ’
919 1954 1056 2018 ἔδει
1085 1953 1384 2030 παίδων,
1368 1979 1383 1994 ·

571 2059 639 2121 τί
667 2054 792 2139 μὲν
825 2059 955 2139 γὰρ
994 2047 1274 2138 ἤλπιζον
1310 2078 1395 2119 αν
1432 2059 1848 2123 πεπονθέναι

571 2152 793 2233 πάθος
817 2151 1171 2242 περισσόν,
1204 2158 1268 2221 εί
1292 2151 1526 2242 γάμων
1552 2151 1925 2243 ἀπεζύγηνς

571 2280 702 2323 νυν
734 2250 800 2323 δ’
835 2250 974 2343 ὁρῶ
1004 2257 1423 2342 σαφέστατον

573 2354 820 2440 κακόν,
848 2356 1107 2423 τέκνων
1137 2357 1475 2445 φιλτάτων
1504 2367 1909 2448 στερεῖσθαι.

571 2453 740 2526 ἀλλα
765 2453 915 2526 τάδ’
947 2454 1080 2546 ἤδη
1111 2458 1381 2548 σώματα
1412 2458 1675 2530 λεύσσω

571 2567 708 2630 τῶν
743 2563 1112 2648 οἰχομένων
1139 2567 1437 2631 παίδων·
1468 2565 1669 2650 μελέα

573 2669 714 2743 πῶς
741 2658 826 2731 ὅῖν
853 2660 1133 2752 ὀλοίμην
1158 2662 1289 2732 σὺν
1316 2670 1541 2733 τοῖσδε
1569 2666 1824 2746 τέκνοις

569 2763 804 2832 κοινὸν
836 2761 1152 2854 εἷς”Ἀιδην
1178 2773 1553 2854 καταβᾶσα;

339 2874 489 2933 ΑΔ.
571 2867 978 2954 στεναγμόν,
1013 2859 1068 2936 ὦ
1095 2871 1395 2957 ματέρες,

567 2975 704 3036 τῶν
733 2965 899 3035 κατὰ
926 2967 1174 3055 χθονὸς
1205 2975 1471 3060 νεκρῶν

570 3065 812 3137 ἀύσατ’
847 3067 1135 3140 ἀπύσατ’
1169 3069 1501 3160 ἀντίφων’
1535 3075 1715 3159 ἐμῶν

283 3250 289 3256 ι
570 3172 1043 3260 στεναγμάτων
1077 3174 1426 3243 κλύουσαι.

345 3280 482 3342 ΧΟ.
564 3263 620 3342 ὦ
646 3279 912 3361 παῖδες,
947 3266 1001 3342 ὦ
1029 3275 1275 3364 πικρὸν
1308 3283 1529 3363 φίλων

974 3393 1287 3449 778-785
1308 3413 1395 3438 =
1420 3393 1737 3450 786--793

973 3487 1170 3542 798-
1184 3491 1291 3544 810
1313 3509 1398 3536 =
1421 3491 1612 3544 811-
1622 3491 1728 3544 823

2122 852 2275 920 στρ.

2266 2068 2359 2123 790

2260 2577 2351 2632 ’795

2115 2893 2254 2960 στρ.
