2492 3900
200 6 203 7 ⁷
269 2 425 29 'u*v
452 2 484 25 '·.

232 946 373 1009 XO.

228 1659 381 1720 ΗΛ.

233 2681 372 2743 ΟΡ.

1013 153 1084 208 H
1079 151 1414 210 AEKTPA

458 312 515 392 ὦ
546 338 704 411 γαΐα
732 324 845 391 καὶ
874 320 996 404 νὺξ
1026 317 1114 408 ἢν
1142 320 1514 411 ἐδερκόμην
1541 321 1775 410 πάρος,

458 433 592 495 νῦν
620 421 799 512 ὅμμα
827 420 1081 510 τούμὸν
1111 417 1457 510 ἀμπτυχαί
1483 420 1530 492 τ’
1565 423 1937 513 ἐλεύθεροι,

462 529 608 598 ἐπεὶ
638 524 886 614 πατρὸς
915 527 1267 594 πέπτωκεν
1292 535 1624 614 Αἴγισθος
1653 526 1925 614 φονεύς.

460 626 645 718 φέρ’,
677 623 785 698 οἷα
813 626 897 716 δὴ
929 633 1054 714 ἔχω
1084 630 1198 697 καὶ
1228 626 1425 716 δόμοι
1454 628 1797 698 κεύθουσί
1827 656 1909 716 με]
1921 656 1957 696 1·

461 732 669 819 κόμης
701 725 1025 818 ἀγάλματ’
1059 733 1536 819 ἐξενέγκωμαι,
1566 737 1781 820 φίλαι,

459 836 681 914 στέψω
707 830 769 901 τ’
803 830 1108 919 ἀδελφοῦ
1136 839 1348 920 κρᾶτα
1373 839 1496 903 τοῦ
1523 833 1921 922 νικηφόρου.

458 933 547 1005 σὺ
575 937 702 1023 μέν
726 963 858 1005 νυν
886 930 1210 1022 ἀγάλματ’
1244 930 1432 1024 ἄειρε

461 1045 687 1126 κρατί·
718 1034 791 1109 τὸ
825 1033 890 1106 δ’
928 1034 1253 1125 ἁμέτερον

460 1139 830 1229 χωρήσεται
858 1137 1209 1209 Μούσαισι
1234 1137 1534 1226 χόρευμα
1561 1146 1783 1227 φίλον.

461 1249 596 1311 νῦν
623 1247 695 1312 οί
722 1241 931 1330 πάρος
960 1238 1271 1329 ἁμέτεροι

459 1352 654 1432 γαίας
680 1343 1218 1432 τυραννεύσουσι
1248 1350 1435 1431 φίλοι
1463 1351 1761 1432 βασιλῆς,

462 1452 739 1527 δικαίως
764 1445 996 1516 ’τούσδ’
1032 1441 1311 1526 ἀδίκους
1337 1446 1762 1526 καθελόντες.

460 1547 614 1618 ἀλλ’
649 1559 768 1618 ἴτω
797 1547 1128 1632 ξύναυλος
1156 1545 1284 1635 βοὰ
1311 1554 1503 1640 χαρᾷ.

471 1642 527 1719 ὦ
553 1658 930 1737 καλλίνικε,
961 1648 1211 1740 πατρὸς
1240 1652 1314 1719 ἐκ
1346 1648 1730 1740 νικηφόρου

474 1753 720 1842 γεγώς,
745 1750 1052 1841 Ὀρέστα,
1086 1760 1202 1840 τῆς
1233 1747 1354 1821 ὑπ’
1383 1748 1553 1844 Ἰλίω
1581 1753 1811 1842 μάχης,

468 1858 650 1938 δέξαι
678 1855 885 1944 κόμης
913 1862 1033 1943 σῆς
1053 1853 1442 1944 βοστρύχων
1473 1851 1839 1943 ἀνδήματα.

467 1953 650 2046 ἥκεις
680 1954 810 2048 γάρ
839 1954 967 2027 οὐκ
1004 1955 1277 2045 ἀχρεῖον
1305 1960 1685 2046 ἔκπλεθρον
1715 1956 1989 2045 δραμών

467 2058 679 2148 ἀγῶν’
714 2064 779 2142 ἐς
806 2070 1068 2147 οἴκους,
1098 2054 1265 2129 ἀλλὰ
1294 2062 1614 2147 πολέμιον
1640 2056 1909 2128 κτανών

464 2172 837 2250 Αἴγισθον,
870 2159 943 2244 ὃς
970 2160 1095 2231 σὸν
1123 2164 1377 2250 πατέρα
1404 2160 1622 2250 κάμὸν
1651 2158 1879 2231 ὤλεσε.

468 2265 553 2333 σύ
583 2261 642 2333 τ’
679 2255 735 2333 ὦ
761 2261 1194 2353 παρασπίστ’,
1223 2262 1474 2354 ἀνδρὸς
1502 2260 1985 2353 εὐσεβεστάτου

466 2373 807 2455 παίδευμα
834 2367 1123 2454 Πυλάδη
1140 2420 1158 2454 ,
1190 2370 1528 2455 στέφανον
1555 2370 1620 2450 ἐξ
1650 2370 1809 2455 ἐμῆς
1834 2369 2025 2454 χερὺῒς

469 2471 701 2556 δέχου·
734 2472 927 2558 φέρει
956 2466 1085 2559 γὰρ
1115 2472 1227 2539 καὶ
1255 2468 1341 2539 σὺ
1381 2467 1542 2561 τῷδ’
1580 2479 1728 2539 ἴσον
1753 2472 1947 2557 μέρος

472 2568 763 2658 ἀγῶνος·
794 2569 901 2642 ἀεὶ
930 2567 996 2640 δ’
1029 2567 1331 2659 εὐτυχεῖς
1360 2574 1733 2659 φαίνοισθέ
1754 2598 1884 2658 μοι.

465 2671 673 2755 θεοὺς
698 2674 823 2761 μὲν
850 2671 1023 2761 ἡγοῦ
1050 2680 1353 2762 πρῶτον,
1378 2670 1695 2762 Ἠλέκτρα
1726 2725 1745 2760 ,
1774 2669 1973 2761 τύχης.1

472 2772 837 2864 ἀρχηγέτας
869 2772 1089 2864 τῆσδ’,
1125 2774 1268 2845 εἶτα
1295 2772 1456 2864 κᾶμ’
1487 2780 1844 2845 ἐπαίνεσον

470 2876 589 2948 τὸν
616 2884 755 2946 τῶν
780 2884 974 2948 θεῶν
998 2905 1069 2947 τε
1104 2885 1221 2966 τῆς
1247 2879 1450 2967 τύχης
1476 2874 1551 2947 θ’
1582 2875 1941 2967 ὑπηρέτην.

466 2975 608 3066 ἥκω
636 2978 765 3068 γὰρ
794 2978 878 3049 ού
908 2979 1209 3066 λόγοισιν
1236 2978 1387 3050 ἀλλ’
1424 2988 1640 3069 ἔργοις
1668 2978 1937 3049 κτανιὶὶτ,Γ

467 3091 842 3169 Αἴγισθον·
876 3110 965 3162 ως
995 3084 1077 3151 δέ
1098 3111 1189 3175 τω
1217 3080 1369 3172 σάφ’
1403 3085 1653 3152 εἰδέναι
1681 3082 1843 3153 τάδε

471 3190 872 3273 προθωμεν,
904 3182 1116 3255 αὐτὸν
1145 3183 1267 3254 τὸν
1291 3184 1595 3255 θανόντα
1620 3207 1725 3255 σοι
1757 3186 1961 3275 φέρτε

471 3313 555 3354 ον
585 3296 717 3356 εἴτε
744 3287 1003 3378 χρῄζεις
1028 3284 1345 3377 θηρσὶν’
1309 3286 1620 3377 αρπαγὴν
1645 3286 1917 3377 πρόθες,Ι

468 3382 514 3475 ἦ
547 3395 803 3459 σκῦλον
830 3396 1177 3459 οἰωνοῖσιν
1204 3391 1480 3479 αἰθέρος
1505 3392 1765 3471 τέκνοις

2123 150 2248 214 269

2149 2181 2246 2233 REI}
