2492 3900
330 309 587 374 ΘΕΟΚ.
630 297 713 370 οὐ
756 295 960 368 τῶνδ’
998 302 1073 369 ἐν
1100 295 1367 387 ἀγέλαις
1393 294 1653 386 ὀλβίαις
1680 306 2104 388 σπανίζομεν.
2211 320 2336 376 1260

329 413 484 475 ME.
626 405 742 472 καὶ
769 398 1029 491 στρωτὰ
1058 403 1333 489 φέρεται
1360 402 1600 489 λέκτρα
1629 400 1927 489 σωματος
1956 404 2140 472 κενά.

328 514 591 577 ΘΕΟΚ.
634 512 847 576 ἔσται·
881 509 953 572 τί
974 501 1036 572 δ’
1074 500 1237 573 ἄλλο
1264 503 1676 592 προσφέρειν
1704 510 2074 591 νομίζεται;

326 617 485 680 ΜΕ.
628 602 1001 697 χαλκήλαθ’
1036 600 1241 674 ὅπλα·
1272 603 1540 693 καὶγὰρ
1567 595 1655 694 ἦν
1688 614 1885 693 φίλος
1915 613 2087 697 δορί.

328 719 588 782 ΘΕΟΚ.
630 707 780 793 ἀξια
806 704 954 777 τάδ’
990 714 1173 777 ἔσται
1196 711 1601 776 Πελοπιδῶν
1629 703 1673 776 ἃ
1699 707 2026 796 δώσομεν.

327 821 485 883 ΜΕ.
629 813 741 881 καὶ
756 807 930 880 τᾶλλ’
963 806 1087 880 ὅσα
1112 808 1308 898 χθῶν
1335 807 1506 879 καλὰ
1521 811 1715 900 φέρει
1743 811 2194 899 βλαστήματα.
2214 829 2344 885 1265

330 921 593 986 ΘΕΟΚ.
632 920 772 994 πῶς
799 903 962 997 οὖν;
992 915 1057 993 ές
1084 913 1285 1001 οἶδμα
1314 918 1448 980 τίνι
1475 911 1700 1005 τρόπῳ
1730 919 2040 994 καθίετε;

326 1025 479 1087 ΜΕ.
620 1023 798 1086 ναῦν
823 1021 935 1086 δεῖ
956 1031 1268 1104 παρεῖναι
1296 1011 1644 1104 κάρετμῶν
1671 1015 2039 1095 ἐπιστάτας.

328 1127 588 1190 ΘΕΟΚ.
626 1117 839 1189 πόσον
868 1115 933 1187 δ’
968 1115 1274 1208 ἀπείργει
1301 1124 1509 1206 μῆκος
1537 1120 1610 1186 ἐκ
1636 1123 1832 1205 γαίας
1861 1117 2071 1207 δόρυ;

326 1231 482 1292 ΜΕ.
627 1217 784 1291 ὥστ’
820 1223 1180 1310 ἐξορᾶσθαι
1208 1219 1412 1309 ῥόθια
1439 1219 1770 1308 χερσόθεν
1795 1219 2004 1308 μόλις.

330 1330 589 1394 ΘΕΟΚ.
627 1331 699 1393 τί
736 1325 821 1413 δὴ
868 1321 1014 1394 τόδ’
1039 1320 1268 1404 Ἑλλὰς
1293 1322 1580 1410 νόμιμον
1610 1325 1683 1392 ἐκ
1711 1328 1892 1403 τίνος
1918 1324 2135 1410 σέβεις
2210 1339 2361 1394 1270

328 1434 483 1495 ME.
628 1421 716 1506 ῶς
742 1423 833 1512 μὴ
864 1425 1068 1495 πάλιν
1093 1433 1180 1516 γῇ
1209 1422 1448 1514 λύματ’
1483 1423 1733 1514 ἐκβάλῃ
1760 1425 2052 1494 κλύδων.

331 1533 592 1599 ΘΕΟΚ.
627 1532 959 1596 Φοίνισσα
986 1526 1179 1616 κῶπη
1206 1525 1584 1616 ταχύπορος
1612 1526 1981 1616 γενήσεται.

334 1637 483 1700 ΜΕ.
626 1633 845 1709 καλῶς
872 1623 958 1698 ἀν
988 1639 1090 1718 εἴη
1118 1629 1444 1723 Μενέλεῴ
1471 1657 1544 1700 τε
1572 1628 1741 1719 πρὸς
1767 1628 1982 1719 χάριν.

333 1737 595 1803 ΘΕΟΚ.
632 1733 890 1801 οὔκουν
917 1730 1005 1802 σύ
1032 1735 1235 1823 χωρὶς
1262 1739 1466 1819 τῆσδε
1492 1738 1678 1821 δρῶν
1707 1727 1933 1820 ἀρκεῖς
1961 1730 2158 1815 τάδε;

332 1843 486 1904 ΜΕ.
627 1831 878 1924 μητρὸς
902 1831 1047 1904 τόδ’
1088 1841 1288 1926 ἔργον
1315 1830 1360 1923 ἦ
1384 1832 1704 1923 γυναικὸς
1731 1827 1776 1922 ἦ
1805 1835 2079 1902 τέκνων.
2217 1851 2360 1907 1275
2488 1863 2489 1874 ³

334 1943 593 2008 ΘΕΟΚ.
630 1935 872 2027 ταύτης
908 1934 943 2009 ὁ
969 1935 1258 2027 μόχθος,
1297 1933 1384 2018 ὥς
1411 1938 1658 2025 λέγεις,
1692 1933 1980 2005 θάπτειν
2008 1937 2251 2021 πόσιν;

334 2048 487 2110 ΜΕ.
630 2042 704 2109 έν
734 2036 1003 2129 εὐσεβεῖ
1026 2048 1197 2128 γοῦν
1223 2039 1469 2128 νόμιμα
1496 2038 1585 2127 μὴ
1616 2039 1925 2109 κλέπτειν
1957 2046 2250 2127 νεκρῶν.
2483 2114 2485 2125 Ι

337 2148 596 2211 ΘΕΟΚ.
635 2150 751 2211 ἴτω
770 2163 784 2179 ·
818 2141 985 2231 πρὸς
1017 2140 1208 2231 ἡμῶν
1237 2139 1478 2230 ἄλοχον
1510 2137 1755 2230 εὐσεβῆ
1785 2143 2081 2231 τρέφειν.
2481 2132 2486 2241 's

613 2242 867 2311 ->έλθῶν
895 2240 960 2312 δ’
994 2245 1059 2323 ές
1089 2253 1318 2323 οἴκους
1348 2246 1575 2325 ἐξελοῦ
1601 2242 1852 2330 κόσμον
1887 2250 2110 2335 νεκρῷ
2128 2267 2145 2283 ·
2481 2242 2484 2326 i

642 2347 763 2413 καί
784 2340 848 2412 σ’
882 2342 965 2414 οὐ
992 2360 1254 2414 κεναῖσι
1280 2347 1468 2434 χερσὶ
1493 2351 1614 2433 γῆς
1643 2342 2006 2431 ἀποστελῶ,
2225 2365 2372 2420 1280
2479 2366 2482 2463 ᾗ

643 2445 984 2535 δράσαντα
1009 2453 1169 2537 τῇδε
1195 2445 1363 2537 πρὸς
1388 2446 1584 2537 χάριν
1602 2470 1617 2485 ·
1648 2446 1871 2535 φήμας
1901 2449 1982 2516 δέ
2006 2474 2122 2534 μοι
2477 2486 2479 2491 ·

646 2547 893 2631 ἐσθλὰς
920 2550 1215 2638 ἐνεγκῶν
1240 2546 1309 2638 γ’
1349 2545 1499 2618 ἀντὶ
1526 2556 1642 2638 τῆς
1668 2545 2013 2635 ἀχλαινίας

645 2655 896 2740 ἐσθῆτα
925 2652 1121 2741 λήψει
1147 2650 1297 2722 σῖτά
1321 2647 1423 2737 θ’,
1454 2648 1624 2721 ῶστε
1650 2647 1709 2720 σ’
1753 2656 1846 2731 εἰς
1875 2650 2135 2740 πάτραν

644 2755 908 2839 ἐλθεῖν,
939 2755 1085 2822 ἐπεὶ
1112 2761 1245 2822 νῦν
1268 2750 1337 2839 γ’
1376 2749 1634 2834 ἀθλίως
1668 2749 1903 2841 ἔχονθ’
1951 2749 2110 2842 ὁρῶ.

646 2851 734 2921 σὺ
762 2850 828 2921 δ’
862 2844 917 2922 ῶ
943 2852 1252 2941 τάλαινα,
1279 2854 1369 2942 μὴ
1401 2852 1502 2925 ’πὶ
1527 2869 1665 2935 τοῖς
1693 2851 2052 2944 ἀνηνύτοις
2225 2874 2367 2930 1285

645 2954 894 3043 τρύχου
922 2953 1009 3024 σύ
1038 2956 1294 3045 σαυτήν
1312 2979 1327 2995 ·
1357 2959 1719 3038 Μενέλεως
1753 2954 1820 3027 δ’
1855 2963 1990 3045 ἔχει
2015 2955 2299 3047 πότμον,

644 3052 813 3125 κούκ
842 3051 928 3127 ἀν
956 3056 1235 3129 δύναιτο
1265 3066 1382 3147 ζῆν
1409 3056 1444 3129 ὁ
1475 3057 1842 3129 κατθανὼν
1868 3058 2081 3141 πόσις.

342 3162 492 3227 ME.
646 3155 770 3227 σὸν
797 3166 1028 3250 ἔργον,
1059 3151 1115 3229 ῶ
1142 3168 1335 3231 νεᾶνι
1352 3184 1368 3199 ·
1398 3160 1518 3232 τὸν
1545 3156 1844 3251 παρόντα
1870 3160 1995 3250 μὲν

644 3261 948 3349 στέργειν
975 3262 1175 3333 πόσιν
1200 3262 1360 3354 χρή,
1390 3262 1510 3334 τὸν
1537 3263 1614 3333 δὲ
1640 3260 1872 3353 μηκέτ’
1909 3262 2058 3335 ὅντ’
2097 3268 2220 3335 ἐᾶν
2237 3290 2253 3305 ·

646 3357 882 3450 ἄριστα
909 3360 1038 3454 γάρ
1070 3385 1177 3434 σοι
1203 3372 1413 3435 ταῦτα
1439 3365 1608 3455 πρὸς
1632 3364 1708 3436 τὸ
1735 3366 2093 3455 τυγχάνον.
2223 3386 2364 3442 1290

644 3456 732 3551 ἦν
758 3462 825 3534 δ’
848 3461 1108 3535 Ἑλλάδ’
1142 3471 1324 3537 ἔλθω
1351 3470 1464 3538 καὶ
1492 3468 1669 3557 τύχω
1695 3475 2048 3557 σωτηρίας,

327 132 452 195 224
1198 131 1506 190 ΕΛΕΝΗ
