2492 3900
149 566 290 629 AF.

154 1238 302 1300 KA.

154 1657 304 1717 KA.

153 1740 296 1801 AF.

156 1824 307 1885 KA.

153 1991 304 2052 KA.

155 2074 297 2136 AF.

154 2325 296 2388 AF.

155 2412 304 2472 KA.

155 2495 296 2556 AF.

155 2578 302 2638 KA.

159 2746 304 2807 KA.

154 2829 294 2890 AF.

154 2914 302 2975 KA.

153 2997 297 3058 AF.

155 3081 302 3141 KA.

155 3164 296 3226 AF.

157 3249 304 3309 KA.

154 3332 296 3393 AF.

164 3417 284 3477 ΚΑ
293 3461 306 3475 .

158 3500 297 3562 AF.

1027 160 1359 219 BAKXAI
2044 156 2162 223 131

381 314 564 413 οἴμοι
586 311 813 373 κακῶν
844 303 968 390 μὲν
989 328 1221 388 πρωτα
1243 310 1417 389 σων,
1442 300 1639 372 ἔπειτ’
1665 306 1878 391 ἐμῶν·

387 388 478 470 ὥς
501 386 537 458 ὁ
564 386 728 469 θεὸς
750 385 930 493 ἡμᾶς
945 390 1224 467 ἐνδίκως
1251 392 1395 472 μέν,
1422 384 1559 456 ἀλλ’
1588 386 1762 493 ἄγαν

383 474 678 579 Βρόμιος
701 472 866 553 αναξ
891 468 1178 539 ἀπωλεσ’
1211 477 1454 550 οίκεῖος
1476 476 1707 557 γεγώς.
2026 488 2167 542 1250

386 555 476 637 ὥς
501 556 843 625 δύσκολον
865 555 937 623 τό
965 561 1175 643 γῆρας
1192 552 1593 659 ἀνθρώποις
1618 561 1749 642 ἔφυ

385 646 459 708 ἔν
483 638 532 707 τ’
561 638 811 725 όμμασι
835 638 1271 743 σκυθρωπόν.
1320 648 1467 707 εἴθε
1490 654 1642 719 παῖς
1664 638 1821 725 έμός

387 724 684 830 εὔθηρος
710 732 810 809 εἴη
827 774 844 809 ,
871 721 1118 809 μητρὸς
1143 726 1481 803 είκασθεις
1500 724 1800 811 τρόποις,

389 805 481 875 οτ’
510 808 584 875 ἐν
606 814 934 875 νεανίαισι
937 806 1333 916 &ffatocs‘
1301 807 1437 893 α’μα

386 901 624 999 θηρων
649 888 978 981 ὀριγνῷτ’.
1021 889 1188 958 αλλα
1210 900 1571 999 θεομαχεῖν
1594 892 1811 977 μόνον
2028 911 2163 964 1255

387 970 602 1055 οἷός’
552 1001 588 1041 τ
631 976 902 1055 ἐκεῖνος.
917 977 1450 1083 νουθετητέος,
1454 973 1686 1063 πάτερ,

390 1056 684 1127 σούστίν.
727 1064 824 1139 τίς
849 1056 1062 1126 αὐτὸν
1087 1056 1269 1163 δεῦρ’
1298 1086 1383 1126 αν
1408 1057 1571 1138 ὄψιν
1594 1064 1685 1139 είς
1708 1057 1874 1146 ἐμὴν

386 1147 762 1231 καλέσειεν,
789 1140 878 1223 ὥς
905 1146 1014 1248 ἴδῃ
1037 1168 1118 1228 με
1142 1141 1272 1251 τὴν
1292 1140 1489 1210 εὐδαί
1534 1168 1689 1225 ονα,

393 1234 558 1335 φεῦ
548 1235 711 1333 φεῦ·
733 1194 1178 1333 ἰφρονήσασαι
1202 1228 1327 1313 μὲν
1348 1221 1439 1294 οἷ’
1468 1169 1808 1337 ἐδράσατε,

389 1308 688 1417 αλγήσετ’
699 1309 921 1416 ἄλγος
943 1313 1202 1379 δεινόν·
1254 1317 1315 1379 εί
1335 1311 1408 1379 δὲ
1432 1309 1543 1379 διὰ
1574 1314 1807 1393 τέλους
2028 1332 2165 1387 1260

389 1400 463 1463 ἐν
486 1392 648 1500 τῷδ’
678 1392 780 1462 ἀεὶ
802 1393 1039 1481 μενεῖτ’
1068 1398 1142 1462 ἐν
1167 1421 1219 1463 ω
1195 1387 1633 1501 ι’καθέστατῆ

389 1478 515 1547 οὐκ
521 1463 950 1586 ευτυχοῦσαι
974 1462 1192 1584 δόξετ’
1205 1476 1357 1565 οὐχὶ
1382 1484 1758 1565 δυστυχεῖν.

384 1591 444 1631 τι
435 1561 537 1632 ’δ’
566 1560 648 1630 οὐ
681 1569 898 1643 καλως
918 1562 1123 1631 τωνδ’
1133 1559 1193 1671 ἢ
1218 1568 1287 1629 τί
1302 1569 1619 1670 λυπηρῶς
1642 1568 1810 1670 ἔχει;

395 1652 664 1753 πρῶτον
687 1648 811 1733 μὲν
841 1650 932 1727 εἰς
959 1644 1150 1715 τόνδ’
1180 1645 1445 1736 αἰθέρ”
1421 1647 1599 1734 όμμα
1623 1667 1748 1716 σον
1771 1653 1993 1735 μέθες.

386 1732 569 1799 ἰδού·
597 1736 664 1797 τί
655 1756 794 1836 μοι
819 1728 1005 1799 τόνδ’
1034 1733 1389 1815 ἐξυπεῖπας
1416 1737 1719 1818 εἰσορᾶν,
2032 1750 2163 1803 1265

387 1813 485 1883 ἔθ’
512 1810 714 1893 αὐτὸς
737 1812 778 1899 ἥ
803 1834 911 1881 σοι
935 1815 1307 1927 μεταβολὰς
1329 1821 1504 1902 ἔχειν
1530 1820 1751 1897 δοκεῖ,

388 1898 846 2005 λαμπρότερος
867 1894 910 1985 ἢ
937 1902 1096 2006 πριν
1119 1902 1230 1969 καὶ
1255 1903 1761 2005 διιπετέστερος.

384 1983 456 2051 τὸ
484 1986 558 2052 δὲ
579 1981 880 2089 πτοηθὲν
903 1981 1046 2052 τόδ’
1075 1989 1171 2052 ἔτι
1195 1990 1281 2072 σῇ
1300 1989 1485 2094 ψυχῇ
1509 1987 1719 2094 πάρα·
1702 2033 1721 2066 ,

389 2065 516 2135 οὐκ
537 2065 688 2134 οἶδα
711 2065 959 2148 τοῦπος
981 2074 1182 2136 τοῦτο
1198 2119 1217 2156 ,
1243 2074 1557 2174 γίγνομαι
1581 2070 1661 2136 δέ
1678 2093 1821 2148 πως

390 2156 632 2231 ἔννους
655 2162 1140 2260 μετασταθεῖσα
1161 2158 1301 2220 τῶν
1325 2176 1535 2261 παρος
1558 2179 1850 2240 φρενων.
2028 2167 2166 2224 1270

387 2235 683 2316 κλύοις’“
641 2262 726 2304 αν
750 2231 877 2303 οὖν
898 2261 963 2303 τι
955 2233 1402 2344 κάποκρίναι’
1437 2235 1523 2303 ‹322›
1547 2243 1811 2342 σαφως;

389 2317 479 2399 ὥς
503 2323 899 2426 εκλέλησμαί
917 2317 972 2404 γ’
1001 2347 1043 2387 α
1067 2319 1279 2426 mipeog
1304 2329 1609 2408 εἴπομεν,
1611 2321 1859 2430 πάτερ.

393 2409 483 2483 εἰς
513 2418 708 2472 ποῖον
730 2396 937 2510 ᾗλθες
962 2401 1152 2472 οἷκον
1175 2401 1521 2511 ὑμεναίων
1542 2409 1735 2490 μέτα;

391 2496 659 2594 σπαρτῷ
688 2486 746 2574 μ’
777 2493 1062 2576 ἔδωκας,
1088 2485 1177 2569 ὥς
1199 2485 1485 2574 λέγουὸ,
1504 2485 1760 2590 Ἐχίονι.

388 2577 482 2651 τίς
505 2564 632 2639 οὖν
656 2576 730 2639 ἐν
753 2581 963 2652 οἴκοις
983 2586 1135 2652 παῖς
1162 2575 1425 2677 ἐγένετο
1445 2576 1543 2660 σῷ
1566 2571 1793 2652 πόσεις
2032 2585 2165 2640 1275

390 2657 736 2763 Πενθεύς,
767 2659 890 2744 ἐμῇ
909 2683 979 2724 τε
1003 2658 1113 2724 καὶ
1108 2654 1430 2764 πατρὸς
1410 2638 1753 2742 κοινωνίᾳ.

394 2743 573 2818 τίνος
596 2706 962 2846 προσωπον
987 2735 1124 2826 δῆτ’
1157 2742 1230 2806 ἐν
1256 2739 1579 2843 αγκάλαις
1602 2743 1800 2823 ἔχεις,

390 2823 659 2903 λέοντος
675 2874 692 2909 ,
721 2821 812 2904 τός
835 2821 888 2906 γ’
919 2829 1218 2909 ἔφασκον
1243 2829 1314 2891 αι
1334 2823 1750 2932 θηρωμεναι.

393 2910 629 2988 σκέψαι
658 2934 790 2975 νυν
813 2907 1355 3059 ὀρθῶς,26ραχύς
1376 2906 1694 3058 ὁὸμόχθος
1719 2910 2008 2975 εἰσιδεῖν.

391 2994 497 3076 ἔα,
523 2996 591 3058 τί
609 2991 906 3097 λεύσσω,
936 2997 1007 3058 τί
1020 3018 1072 3077 φ
1109 3017 1311 3078 ρομαι
1330 2991 1405 3060 τό
1502 2994 1576 3060 ἐν
1598 3003 1859 3077 χεροῖν;
2031 3006 2168 3061 1280

386 3071 694 3180 αθρησον
717 3072 880 3142 αὐτὸ
905 3079 1014 3142 καὶ
1043 3079 1459 3185 σαφέστερον
1482 3075 1679 3180 μάθε.

390 3154 526 3244 ὁρω
549 3162 864 3244 μέγιστον
897 3157 1101 3245 ἄλγος
1122 3159 1165 3246 ἡ
1187 3157 1440 3228 τάλαιν’
1468 3159 1621 3244 ἐγώ.

394 3247 542 3348 μῶν
563 3261 670 3310 σοι
695 3246 913 3312 λέοντι
939 3251 1247 3352 φαίνεται
1266 3245 1734 3350 προσεικέναι;

389 3324 547 3393 οὔκ·
594 3325 762 3395 ἄλλα
792 3326 1168 3408 Πενθέως”
1133 3355 1176 3414 η
1203 3325 1451 3396 τάλαιν’
1482 3332 1607 3414 ἔχω
1632 3331 1824 3416 κάρα.

391 3407 780 3496 ᾑμαγμένον
833 3437 910 3498 γε
934 3411 1242 3499 πρόσθεν
1256 3407 1307 3516 ἢ
1334 3413 1407 3479 σὲ
1426 3417 1772 3520 γνωρίσαι.
2034 3423 2167 3478 1285

388 3499 488 3575 τίς
510 3497 788 3565 ἔκτανέν
810 3522 954 3578 νιν;
995 3520 1134 3576 πως
1159 3493 1318 3582 ἐμὰς
1334 3487 1547 3582 ἦλθεν
1571 3496 1799 3628 χέραξς
