2492 3900
223 170 328 221 DE
367 167 761 222 CODICIBVS
796 161 1218 222 EVRIPIDEIS
1254 171 1351 222 ET
1386 171 1867 226 EDITIONIBVS
1935 175 2143 227 XLVII

151 321 376 400 ripide‚
436 323 486 380 si
531 320 603 382 ab
651 337 772 382 uno
828 319 1088 382 alterove
1147 321 1279 383 loco
1328 322 1573 398 (Bacch.
1624 327 1745 386 945
1792 334 1851 386 et
1892 327 2145 389 fortasse

145 405 378 466 Phoen.
426 403 528 480 84)
576 403 955 476 discesseris,
1019 414 1361 468 constanter
1405 407 1545 468 libri
1589 410 1877 470 offerunt:
1935 413 2145 488 tragici

149 499 364 587 poetae
407 497 477 549 ut
523 493 778 568 πτυχαῖς
819 489 904 550 ita
945 488 1172 567 πτνχάς
1217 490 1510 560 dixerunt,
1554 492 1612 553 id
1645 493 1799 573 quod
1830 493 2147 556 Elmsleius

150 575 209 634 in
268 574 412 634 Eur.
462 573 615 636 Med
671 575 836 634 1264
893 577 1214 653 perspexit.
1302 574 1531 636 librarii
1584 575 1734 637 adeo
1788 577 2146 676 γραμμάτων

150 654 385 734 πτύχας
448 653 600 734 ἔχων
651 657 712 715 in
771 656 1082 736 Sophoclis
1134 658 1207 718 fn.
1278 662 1399 719 145
1454 658 1717 720 scribere
1783 664 1912 722 ausi
1984 671 2143 724 sunt.

149 741 331 800 iidem
392 748 587 802 πιτνω
641 739 982 802 maluerunt
1035 759 1211 822 quam
1269 742 1425 822 quod
1480 742 1795 805 Elmsleius
1848 749 2149 807 revocavit

151 825 360 884 πίτνω.
428 843 540 886 nec
585 833 864 902 poterant
907 843 1047 888 sana
1084 827 1317 886 ratione
1345 823 1605 904 σχέθειν,
1650 826 1879 906 ὄφλειν,
1924 829 2147 890 similes

153 910 491 987 scripturae
539 908 1044 987 propagari'idco
1087 910 1246 987 quod
1292 908 1553 972 librariis
1606 910 1993 990 placuissent,
2042 921 2143 974 aut

152 993 300 1070 λάβε
323 993 519 1054 Attico
548 999 759 1071 poetae
791 991 1029 1054 obtrudi
1073 994 1289 1072 spretis
1318 998 1843 1094 grammaticorum
1874 1005 2139 1058 veterum

156 1077 530 1138 testimoniis.
619 1075 930 1155 γιγνώσκω
987 1085 1046 1138 et
1088 1077 1363 1157 γίγνομαι
1404 1095 1644 1156 sc11ps1
1704 1096 1821 1138 non
1866 1079 2143 1159 γινώσκω

157 1170 214 1220 et
258 1159 533 1239 γίνομαι.
589 1159 721 1220 vide
765 1177 919 1236 quae
963 1159 1243 1222 dixerunt
1286 1161 1613 1223 Ellendtius
1665 1162 1805 1224 Lex.
1852 1163 2033 1243 Soph.
2082 1183 2133 1224 v.

153 1245 431 1323 γίγνομαι
487 1251 548 1304 et
603 1243 909 1304 Wecklein
963 1245 1100 1306 Cur.
1149 1247 1338 1324 epigr.
1395 1265 1455 1324 p.
1502 1249 1582 1308 56
1626 1251 1715 1325 sq‘.
1772 1266 1882 1350 pro
1941 1241 2140 1327 εὖρον,

155 1324 426 1404 εὐξάμην
485 1326 902 1407 similibusque
946 1327 1152 1389 formis
1196 1329 1452 1408 praetuli
1505 1321 1697 1409 ηὗρον
1735 1326 2013 1409 ηὐξάμην
2056 1331 2139 1392 si-

155 1411 357 1482 milia,
420 1411 730 1473 titulorum
783 1419 1022 1472 secutus
1065 1411 1268 1482 fidem,
1328 1413 1403 1474 de
1446 1412 1661 1492 quibus
1706 1417 1783 1475 cf.
1833 1415 2139 1476 Wecklein

155 1497 296 1558 Cur.
356 1498 547 1574 epigr.
606 1515 664 1575 p.
713 1498 813 1557 33.
899 1488 941 1573 ἦ
999 1513 1168 1556 eram
1223 1504 1393 1558 ante·
1415 1505 1812 1559 consonantes
1871 1499 2139 1578 Euripidi

155 1579 414 1651 reddidi,
460 1597 572 1640 nec
616 1579 860 1640 dubium
909 1589 998 1640 est
1042 1581 1182 1656 quin
1229 1583 1533 1642 verissime
1576 1579 1888 1644 Elmsleius
1934 1583 2139 1662 (Soph.

157 1663 307 1728 Oed.
341 1663 410 1724 R.
459 1682 520 1743 p.
549 1661 654 1723 ΧΠ
699 1663 790 1724 ed.
821 1663 1002 1742 LipS.)
1048 1672 1365 1744 corruptos
1404 1663 1677 1726 iudicarit
1719 1683 1923 1726 versus
1966 1666 2139 1728 Euri·

155 1747 366 1824 pideos
407 1745 513 1808 ubi
553 1739 636 1824 ἦν
691 1749 883 1827 prima
934 1764 1192 1826 persona
1237 1755 1375 1808 ante
1418 1749 1651 1810 vocales
1702 1751 1764 1809 in
1808 1749 1978 1810 libris
2023 1751 2138 1811 Eu·

155 1831 408 1906 ripideis
455 1830 758 1892 scribitur.
849 1848 965 1909 qua
1007 1831 1082 1892 de
1125 1850 1192 1892 re
1236 1851 1386 1911 quae
1428 1850 1597 1896 anno
1645 1835 1807 1895 1862
1853 1834 2143 1912 disputavi

160 1914 724 1992 (Eurip.stud.11
768 1933 828 1995 p.
877 1917 1008 1995 67),
1064 1916 1238 1996 paulo
1294 1926 1429 1995 post
1481 1914 1950 1977 luculenfissime
2003 1935 2141 1978 cou-

159 2002 391 2060 firmata
445 2008 588 2061 sunt
643 1998 882 2061 Scholio
935 2000 1078 2062 Eur.
1125 2000 1266 2071 Hec.
1318 2004 1397 2061 13
1454 1999 1528 2060 ab
1583 1999 1887 2061 Dindorfio
1946 2002 2053 2061 vol
2099 2004 2141 2062 4

157 2103 218 2162 p.
269 2086 391 2145 223
440 2083 627 2154 edito,
685 2084 842 2145 unde
901 2083 1181 2146 discimus
1224 2083 1539 2163 Didymurn
1592 2084 1809 2162 legisse
1850 2105 2143 2158 νεωτάτοις

157 2164 220 2227 δ’
251 2158 313 2245 ἦ
357 2167 746 2272 Πριαμιδῶν,
807 2185 928 2229 ιιοιι
970 2167 1033 2227 id
1088 2170 1152 2229 in
1195 2187 1313 2248 quo
1358 2167 1594 2229 codices
1648 2170 1837 2229 nostri
1891 2187 2141 2230 consen-

159 2255 316 2313 tiunt
357 2243 457 2329 ἦν.
515 2254 650 2313 iure
693 2253 1059 2329 vituperatur
1101 2270 1136 2311 a
1179 2254 1578 2329 grammaticis
1624 2251 1923 2314 veteribus
1966 2252 2140 2314 Calli-

157 2336 438 2405 machus,
485 2335 640 2414 quod
685 2333 915 2397 εἵνεκεν
957 2330 1065 2412 οὐχ
1101 2336 1174 2404 *ὲν
1215 2334 1429 2413 άεισμα
1474 2338 1809 2417 scripserit:
1856 2339 1999 2397 item
2046 2356 2139 2397 er·

155 2428 296 2482 rant
338 2419 722 2481 librariorum
768 2419 1082 2480 stultorum
1128 2419 1365 2481 licentia
1396 2420 1629 2499 decepti
1658 2428 1895 2481 nostrae
1938 2423 2144 2483 aetatis

159 2506 375 2573 critici,
423 2506 526 2582 qui
558 2495 650 2564 ων
677 2524 900 2564 οννεκα
932 2510 990 2564 et
1019 2502 1234 2565 similia
1266 2504 1553 2565 scaenicis
1582 2504 1776 2583 poetis
1806 2504 2145 2565 concedunt

158 2589 250 2650 vel
306 2587 655 2650 obtrudunt.
747 2584 967 2649 οὕνεκα
1026 2587 1368 2650 adverbium
1428 2595 1520 2648 est
1575 2594 1636 2647 et
1689 2587 1978 2665 significat
2030 2585 2141 2665 ότι,

157 2674 528 2753 praepositio
575 2680 666 2733 est
708 2668 882 2733 ἕνεκα
927 2674 1051 2732 sive
1095 2668 1315 2732 ἕνεκεν.
1374 2670 1486 2731 hoc
1516 2670 1733 2731 docent
1774 2673 2139 2745 grammatici

159 2765 392 2817 veteres
439 2764 498 2816 et
538 2754 733 2817 tituli·
779 2764 956 2834 atque
1001 2774 1074 2815 ex
1119 2753 1427 2816 titulorum
1474 2755 1835 2817 testimoniis
1880 2756 2140 2816 certissi-

159 2843 273 2902 mis
317 2843 543 2901 scimus
587 2859 697 2919 pro
743 2836 917 2900 ἕνεκα
961 2839 1186 2901 dixisse
1230 2838 1431 2901 εἵνεκα
1476 2847 1535 2901 et
1578 2847 1781 2917 poetas
1810 2841 2039 2901 Atticos
2082 2847 2142 2901 et

161 2927 505 3004 scriptores,
577 2923 736 2985 unde
779 2931 1025 3003 apparet
1067 2940 1186 2985 non
1231 2932 1397 2985 recte
1442 2925 1630 3001 egisse
1676 2926 1778 2999 qui
1822 2924 1883 2982 in
1928 2924 2139 2985 Aesch.

159 3010 358 3069 Prom.
421 3010 544 3069 345
607 3007 886 3069 traditum
942 3003 1108 3069 τοῦδ’
1165 3006 1367 3069 εἵνεκα
1422 3016 1723 3068 mutarent
1780 3014 1837 3067 et
1890 3008 1950 3067 in
1997 3008 2137 3068 Eur.

157 3093 280 3155 Alc.
332 3096 459 3155 810
516 3086 765 3151 ὀθνείου
817 3087 876 3171 γ’
937 3086 1143 3151 ουνεκ’
1203 3084 1275 3151 εὖ
1326 3090 1579 3171 πάσχειν
1630 3096 1848 3171 νεκροῦ·
1911 3091 2140 3170 perfer-

159 3173 410 3256 rentffl).
502 3193 624 3237 non
687 3175 845 3247 κλείς
914 3184 973 3235 et
1035 3174 1241 3253 κλείω,
1298 3174 1403 3237 sed
1469 3173 1614 3257 κλῄς
1676 3183 1735 3235 et
1787 3173 1947 3257 κλῄω
2006 3192 2139 3237 cum

161 3262 430 3339 cognatis
485 3260 694 3321 formis
748 3259 1089 3339 tragoediae
1131 3260 1393 3323 vindicat
1438 3266 1498 3320 et
1552 3258 1787 3320 codices
1835 3259 2140 3340 redarguit

163 3396 246 3404 ...—

302 3461 390 3525 97)
425 3460 686 3513 Pluribus
722 3478 790 3515 ea
825 3462 892 3513 de
939 3478 998 3513 re
1038 3461 1349 3527 disputavit
1382 3460 1677 3513 Wecklein
1712 3457 1839 3508 Cur.
1878 3458 2048 3522 epigr.
2083 3473 2137 3520 p.

162 3531 228 3581 36
265 3544 384 3596 sqq
425 3530 500 3581 cf.
548 3534 776 3595 praeter
812 3530 954 3580 alios
990 3528 1307 3581 Voemelius
1354 3528 1413 3577 in
1448 3529 1603 3581 Dem.
1642 3524 1801 3575 Cont.
1837 3539 1889 3588 p.
1928 3524 2023 3573 135
2060 3537 2139 3586 sq.
