2492 3900
1017 132 1563 190 ΗΡΑΚΛΕΙΔΑΙ

511 302 671 385 δόξα
699 299 866 392 πρὸς
899 298 1287 391 ἀνθρώπων
1316 298 1743 384 ὑποδέξεται·

315 439 412 488 (913
512 401 552 473 ἆ
583 399 651 473 δ’
686 401 888 493 ἀρετὰ
915 412 1137 493 βαίνει
1165 402 1279 472 διὰ
1306 403 1605 492 μόχθων.

279 819 412 881 ΘΕ.

315 945 418 998 006

278 1025 399 1088 10.

280 1127 416 1187 ΘΕ.

277 1230 323 1290 Ι
325 1229 399 1289 Ο.

285 1331 420 1392 ΘΕ.

279 1432 402 1502 10.

283 1535 416 1595 ΘΕ.

281 1636 324 1696 I
325 1635 400 1695 Ο.

281 1738 416 1799 ΘΕ.

286 1841 324 1900 Ι
326 1840 400 1900 0.

282 1943 416 2004 ΘΕ.
505 1934 786 2024 μάλιστα
805 1958 818 1973 ·
851 1936 963 2005 καὶ
991 1931 1159 2025 πρός
1185 1931 1251 2022 γ’
1288 1930 1588 2022 εὐτυχεῖς
1615 1931 1695 2001 τὰ
1725 1939 1855 2001 νῦν
1883 1931 2061 2001 τάδε.

290 2046 400 2105 [Ο.

283 2451 425 2511 ΑΛ.

287 3264 408 3326 Io,

290 3464 433 3524 AA.

511 503 660 590 ἄξια
689 506 814 595 μὲν
842 506 1121 596 πατρός,
1150 503 1300 587 ἄξια
1329 503 1393 574 δ’

512 605 820 698 εὐγενίας
847 608 1006 678 τάδε
1034 616 1337 696 γίγνεται
1354 630 1367 643 ·

513 717 576 780 εἰ
603 711 679 780 δὲ
705 712 922 799 σέβεις
951 710 1297 790 θανάτους
1324 708 1639 798 ἀγαθῶν,
1668 711 1915 798 μετέχω
1946 731 2074 779 σοι.

511 803 564 881 ὦ
600 815 830 898 τέκνα,
858 810 1133 901 χαίρετ’·
1165 809 1418 892 Ἰόλεως
1447 813 1521 882 δὲ
1550 818 1684 880 ποῦ
1714 814 1932 899 γέρων

511 914 724 1004 μήτηρ
755 941 824 983 τε
857 911 1105 1003 πατρὸς
1137 911 1325 1001 τῆσδ’
1363 917 1559 1002 ἕδρας
1586 910 1975 995 ἀποστατεῖς

507 1017 881 1106 πάρεσμεν,
907 1021 1016 1085 οἵα
1043 1016 1128 1106 δή
1155 1013 1219 1104 γ’
1256 1019 1417 1103 ἐμοῦ
1447 1023 1800 1103 παρουσία.

513 1126 583 1188 τί
601 1126 822 1208 χρῆμα
849 1135 1064 1189 κεῖσαι
1091 1119 1206 1188 καὶ
1233 1118 1525 1206 κατηφὲς
1553 1113 1711 1205 ὄμμ’
1745 1123 1945 1204 ἕχεις;

509 1228 788 1310 φροντίς
816 1249 913 1302 τις
946 1211 1106 1308 ἦλθ’
1141 1227 1420 1307 οἰκεῖος,
1451 1211 1495 1309 ᾗ
1528 1219 1955 1307 συνειχόμην.

514 1325 752 1412 ἔπαιρέ
775 1351 905 1392 νυν
933 1322 1240 1408 σεαυτόν,
1270 1318 1587 1411 ὅρθωσον
1615 1320 1804 1410 κάρα.

512 1427 821 1514 γέροντές
849 1428 1050 1513 ἐσμεν
1078 1420 1434 1512 κούδαμῶς
1463 1423 1835 1513 ἐρρώμεθα.

511 1521 655 1613 ἥκω
683 1554 760 1614 γε
787 1529 1015 1615 μέντοι
1041 1527 1262 1615 χάρμα
1290 1546 1395 1596 σοι
1424 1528 1655 1614 φέρων
1682 1529 1868 1613 μέγα.

509 1634 607 1707 τίς
635 1624 699 1697 δ’
740 1626 800 1696 εἶ
825 1627 946 1710 σός
978 1635 1112 1697 ποῦ
1142 1649 1246 1698 σοι
1277 1625 1631 1715 συντυχών
1660 1624 2023 1715 ἀμνημονῶ
2046 1657 2063 1706 3

499 1726 741 1798 ‘'YMov
771 1731 1090 1818 πενέστης
1108 1752 1122 1767 ·
1157 1728 1241 1801 οὔ
1268 1759 1350 1819 με
1378 1729 1774 1818 γιγνώσκεις
1801 1725 2017 1816 ὁρῶν;

513 1821 566 1900 τό
595 1828 905 1919 φίλταθ’,
936 1829 1118 1920 ἥκεις
1146 1823 1277 1922 ἀρα
1306 1839 1448 1923 νῷν
1475 1829 1695 1920 σωτὴρ
1724 1829 2008 1918 βλάβης;

513 2028 567 2105 ὦ
594 2045 802 2128 μῆτερ
833 2042 1086 2107 ἐσθλοῦ
1116 2036 1387 2123 παιδός,
1414 2034 1788 2123 Ἀλκμήνην
1815 2036 2009 2122 λέγω,

513 2138 761 2227 ἔξελθ’,
792 2137 1089 2209 ἄκουσον
1115 2141 1355 2207 τούσδε
1386 2137 1750 2223 φιλτάτους
1790 2138 2052 2221 λόγους.

513 2240 717 2308 πάλαι
746 2239 872 2328 γὰρ
904 2238 1242 2310 ὠδίνουσα
1272 2247 1407 2310 τῶν
1433 2236 1827 2327 ἀφιγμένων

515 2339 738 2427 ψυχὴν
767 2341 1008 2426 ἐτήκου
1035 2341 1269 2421 νόστος
1300 2349 1362 2410 εί
1384 2341 1753 2430 γενήσεται.

519 2450 581 2511 τί
600 2440 789 2531 χρῆμ’
821 2439 1028 2530 ἀυτῆς
1053 2449 1189 2512 πᾶν
1214 2441 1358 2513 τόδ’
1395 2442 1695 2530 ἐπλήσθη
1724 2445 1987 2529 στέγος;

509 2541 744 2633 Ἰόλαε,
774 2552 922 2634 μῶν
950 2551 1048 2626 τίς
1075 2542 1139 2615 σ’
1175 2535 1265 2615 αὖ
1292 2545 1582 2634 βιάζεται
1610 2543 1845 2633 παρών
1871 2568 1881 2578 ·

517 2650 727 2736 κῆρυξ
759 2644 874 2717 ἀπ’
901 2643 1226 2737 Ἀργουςς
1258 2645 1555 2735 ἀσθενὴς
1581 2647 1705 2734 μὲν
1734 2643 1776 2733 ἥ
1804 2643 1869 2733 γ’
1904 2645 2024 2734 έμὴ

519 2750 693 2836 ῥοπή
708 2801 728 2836 ,
771 2749 1048 2818 τοσόνδε
1075 2746 1140 2818 δ’
1179 2752 1428 2819 εἰδέναι
1457 2772 1533 2818 σε
1561 2748 1719 2838 χρή,
1752 2749 1919 2835 ξένε,

520 2846 647 2918 οὐκ
676 2847 811 2918 ἔστ’
845 2848 1039 2937 ἄγειν
1067 2875 1142 2919 σε
1170 2848 1401 2921 τούσδ’
1438 2855 1602 2939 ἐμοῦ
1632 2850 1841 2938 ζώσης
1872 2852 2052 2921 ποτέ.

518 2941 562 3037 ἦ
597 2947 747 3040 τᾶρ’
789 2953 1056 3020 ἐκείνου
1086 2951 1176 3042 μὴ
1207 2960 1599 3043 νομιζοίμην
1630 2950 1759 3040 έγώ

514 3051 730 3142 μήτηρ
760 3049 855 3121 ἔτ’
878 3076 891 3089 ·
928 3060 992 3122 εί
1015 3054 1090 3123 δὲ
1118 3061 1333 3126 τῶνδε
1360 3058 1712 3144 προσθίξει
1741 3060 1905 3144 χερί,

518 3159 714 3223 δυοῖν
741 3155 1092 3245 γερόντοιν
1117 3154 1201 3227 οὐ
1234 3165 1452 3239 καλῶς
1483 3154 1777 3245 ἀγωνιεῖ.

516 3256 792 3345 θάρσει,
821 3258 1091 3347 γεραιά,
1121 3256 1211 3347 μὴ
1239 3262 1509 3351 τρέσῃς,
1542 3255 1667 3328 οὐκ
1698 3256 2025 3349 Ἀργόθεν

520 3361 730 3446 κῆρυξ
763 3355 1039 3446 ἀφῖκται
1067 3368 1424 3449 πολεμίους
1453 3361 1696 3448 λόγους
1728 3369 1916 3449 ἔχων.

515 3463 585 3523 τί
609 3456 737 3547 γὰρ
765 3459 935 3547 βοὴν
966 3467 1240 3547 ἔστησας
1273 3459 1557 3550 ἄγγελον
1584 3461 1841 3550 φόβους

675 3573 695 3599 ‘
715 3574 796 3631 OS}

2184 419 2293 475 625

2190 826 2299 880 630

2190 1336 2303 1390 635

2198 1845 2305 1900 640

2202 2358 2307 2411 645

2196 2868 2308 2923 650
