2492 3900
247 166 368 230 126

1045 118 1376 223 ΒΑΚΧΑΙ

481 340 715 404 ποδῶν
743 338 1016 421 ἔχουσαι
1043 330 1395 411 συντόνοις
1422 330 1826 420 δρομήμασι,

479 428 693 526 μήτηρ
723 433 972 523 Ἀγαύη
1006 432 1340 521 σύγγονοί
1358 430 1425 501 θ’
1459 429 1827 524 ὁμόσποροι

479 544 695 608 πᾶσαί
721 564 794 607 τε
827 537 1082 625 Βάκχαι
1100 557 1115 573 ·
1147 533 1263 603 διὰ
1292 534 1368 605 δὲ
1392 536 1763 627 χειμάρρου
1796 538 2015 627 νάπης

479 637 714 729 ἀγμῶν
747 637 798 709 τ’
831 638 1100 726 ἐπήδων
1134 645 1310 707 θεοῦ
1342 652 1657 708 πνοαῖσιν
1684 640 2017 729 ἐμμανεῖς.

479 738 569 825 ὥς
603 739 673 813 δ’
713 740 901 811 εἶδον
934 740 1132 831 ἐλάτη
1167 739 1502 828 δεσπότην
1536 740 1895 829 ἐφήμενον,
2114 762 2259 818 1095

477 851 747 933 πρῶτον
780 842 906 931 μὲν
939 840 1152 913 αὐτοῦ
1183 840 1520 932 χερμάδας
1550 842 2035 931 κραταιβόλους

479 953 794 1037 ἔρριπτον
809 997 829 1033 ,
871 940 1295 1034 ἀντίπυργον
1328 948 1639 1032 ἐπιβᾶσαι
1671 948 1944 1037 πέτραν,

479 1046 692 1133 ὄζοισί
716 1044 764 1117 τ’
803 1052 1208 1118 ἐλατίνοισιν
1236 1043 1618 1135 ἠκοντίζετο
1636 1068 1649 1083 ·
1736 1097 1740 1107 -

479 1149 674 1222 ἄλλαι
708 1150 785 1220 δὲ
818 1149 1124 1239 θύρσους
1159 1154 1351 1218 ἵεσαν
1383 1146 1466 1218 δι’
1506 1150 1781 1237 αίθέρος
2284 1238 2289 1241 ¹

479 1256 825 1339 Πενθέως,
841 1252 1078 1340 στόχον
1093 1250 1430 1339 δύστηνον
1445 1272 1461 1287 ·
1492 1247 1631 1319 ἀλλ’
1650 1248 1777 1320 οὐκ
1792 1247 2064 1340 ἤνυτον.
2115 1273 2253 1326 1100

478 1370 794 1445 κρεῖσσον
826 1352 954 1444 γὰρ
989 1350 1164 1437 ῦψος
1197 1360 1313 1441 τῆς
1348 1359 1735 1442 προθυμίας
1771 1361 1944 1441 ἔχων

479 1464 781 1544 καθῆστο
815 1454 1116 1544 τλήμων,
1153 1452 1403 1547 ἀπορίᾳ
1436 1456 1863 1543 λελημμένος.

477 1561 661 1637 τέλος
696 1557 772 1627 δὲ
801 1563 1124 1647 δρυΐνους
1158 1564 1746 1647 συγκεραυνοῦσαι
1779 1559 2093 1647 κλάδους,

475 1665 656 1750 ῥίζας
681 1657 1192 1748 ἀνεσπάρασσον
1227 1656 1575 1750 ἀσιδήροις
1610 1668 1895 1748 μοχλοῖς.

474 1763 620 1833 ἐπεὶ
654 1762 730 1831 δὲ
755 1761 1033 1849 μόχθων
1064 1758 1321 1850 τέρματ’
1355 1759 1480 1831 οῦκ
1515 1762 1855 1850 ἐξήνυτον,
2109 1783 2245 1835 1105

475 1861 641 1946 ἔλεξ’
667 1860 946 1953 Ἀγαύη·
969 1866 1156 1957 φέρε,
1186 1871 1579 1956 περιστᾶσαι
1606 1863 1835 1958 κύκλῳ

475 1967 778 2056 πτόρθου
806 1966 1135 2056 λάβεσθε,
1168 1968 1556 2054 Μαινάδες,
1586 1966 1705 2037 τὸν
1734 1965 2038 2057 ἀμβάτην

471 2067 624 2160 θῆρ’
661 2065 752 2150 ὥς
781 2073 1072 2156 ἕλωμεν,
1102 2066 1266 2157 μηδ’
1299 2066 1673 2160 ἀπαγγείλῃ
1701 2077 1877 2140 θεοῦ

471 2169 716 2261 χοροὺς
745 2178 1148 2262 κρυφαίους.
1183 2177 1260 2240 αἳ
1284 2172 1359 2240 δὲ
1384 2179 1637 2261 μυρίαν
1661 2173 1823 2263 χέρα

475 2275 900 2363 προσέθεσαν
927 2271 1126 2362 ἐλάτῃ
1154 2268 1664 2354 κάξανέσπασαν
1690 2274 1940 2361 χθονός
1956 2297 1971 2312 ·
2108 2295 2247 2348 1110

473 2371 658 2455 ὑψοῦ
687 2373 763 2442 δὲ
791 2373 1074 2443 θάσσων
1099 2368 1374 2456 ὑψόθεν
1398 2375 1805 2463 χαμαιπετὴς

470 2482 699 2546 πίπτει
726 2473 895 2564 πρὸς
929 2465 1139 2558 οὖδας
1165 2484 1435 2566 μυρίοις
1454 2476 1831 2566 οίμωγμασι

468 2577 820 2659 Πενθεύς·
852 2585 1069 2648 κακοῦ
1099 2577 1228 2667 γὰρ
1258 2577 1461 2667 ἐγγῦς
1490 2575 1589 2649 ὢν
1616 2580 1979 2667 ἐμάνθανε.

470 2680 701 2770 πρώτη
731 2681 808 2751 δὲ
831 2680 1045 2770 μήτηρ
1073 2672 1277 2769 ἦρξεν
1310 2686 1487 2770 ίερία
1516 2681 1737 2769 φόνου

465 2785 580 2851 καὶ
607 2789 1002 2869 προσπίτνει
1028 2805 1170 2854 νιν·
1199 2779 1240 2853 ὃ
1280 2783 1357 2852 δὲ
1386 2790 1631 2874 μίτραν
1656 2783 1865 2871 κόμης
1894 2781 2023 2854 ἀπο
2104 2801 2239 2854 1115

465 2890 779 2972 ἔρριψεν,
810 2880 899 2964 ὥς
923 2911 1036 2952 νιν
1067 2891 1454 2974 γνωρίσασα
1478 2885 1568 2974 μὴ
1598 2885 1829 2955 κτάνοι

463 2984 734 3072 τλήμων
751 2981 1000 3074 Ἀγαύη
1019 3038 1038 3072 ,
1069 2988 1184 3056 καὶ
1215 2989 1398 3074 λέγει
1426 2993 1751 3077 παρηίδος

464 3087 737 3168 ψαύων·
768 3087 900 3176 ἐγώ
926 3115 1059 3175 τοι,
1094 3095 1303 3180 μῆτερ
1321 3142 1340 3177 ,
1372 3093 1509 3178 εἰμὶ
1538 3107 1695 3170 παῖς
1721 3091 1930 3159 σέθεν

464 3190 813 3277 Πενθεύς,
852 3187 935 3260 ὃν
963 3197 1182 3273 ἔτεκες
1210 3195 1287 3261 έν
1314 3192 1545 3280 δόμοις
1564 3191 1887 3280 Ἐχίονος·

466 3302 756 3381 οἴκτειρε
783 3289 851 3362 δ’
885 3284 941 3363 οἷ
967 3295 1172 3384 μῆτέρ
1198 3323 1283 3383 με
1308 3295 1479 3384 μηδὲ
1504 3311 1649 3376 ταῖς
1676 3299 1864 3383 ἐμαῖς
2102 3307 2238 3361 1120

464 3403 850 3484 αμαρτίαισι
877 3401 1085 3465 παῖδα
1113 3395 1238 3467 σὸν
1272 3397 1707 3487 κατακτάνῃς.

466 3487 509 3578 ἢ
535 3493 599 3565 δ’
634 3492 861 3585 ἀφρὸν
889 3499 1134 3580 ἐξιεῖσα
1159 3501 1272 3568 καὶ
1302 3499 1761 3588 διαστρόφους

785 3754 1064 3881 “Nx
