2492 3900
297 126 417 189 112
1121 130 1434 187 ΒΑᾹΧΑΙ

293 310 438 371 ΠΕ.
519 307 652 382 τίς;
691 288 850 378 τοῦς
869 296 1109 384 λόγους
1140 294 1268 384 γὰρ
1298 298 1628 384 εἰσφέρεις
1655 298 1935 380 καινοὺς
1964 298 2092 372 άεί.
2190 321 2325 377 ,650

295 412 416 475 ΔΙ.
524 399 596 485 ὃς
626 400 750 490 τὴν
776 398 1204 489 πολύβοτρυν
1234 394 1533 486 ἄμπελον
1561 398 1725 485 φύει
1753 407 2043 490 βροτοῖς.

292 512 438 574 HE.
521 502 874 583 ὠνείδισας
902 499 985 589 δὴ
1014 506 1208 570 τοῦτο
1244 500 1563 593 Διονύσῳ
1592 502 1822 571 καλόν.

291 615 416 684 AI,
523 612 1238 662 ************

291 724 435 785 HE.
521 710 754 803 κλῄειν
785 705 1041 776 κελεύω
1069 705 1288 774 πάντα
1318 704 1583 795 πύργον
1612 709 1687 775 ἐν
1715 706 1966 799 κύκλῳ.

288 825 415 887 ΔΙ.
519 822 591 885 τί
620 807 714 896 δ’;
744 805 869 897 οὐχ
896 804 1386 899 ὑπερβαίνουσι
1415 808 1529 875 καὶ
1557 814 1737 897 τείχη
1767 816 1931 879 θεοί
1939 840 1957 893 ;

291 928 437 988 ΠΕ.
520 914 731 1006 σοφὸς
756 907 968 1001 σοφὸς
1005 908 1114 999 σύ,
1144 908 1323 998 πλὴν
1352 905 1396 979 ἃ
1431 914 1542 979 δεῖ
1562 908 1616 981 0²
1654 910 1828 981 εἶναι
1855 912 2097 1001 σοφόν.
2206 930 2311 985 655

291 1029 413 1093 ΔΙ.
523 1016 566 1089 ἃ
595 1023 706 1088 δεῖ
727 1014 1042 1106 μάλιστα,
1072 1008 1248 1082 ταῦτ’
1284 1008 1473 1100 ἔγωγ’
1511 1020 1689 1101 ἔφυν
1716 1014 1947 1103 σοφός.

523 1128 758 1191 κείνου
789 1115 855 1188 δ’
899 1114 1189 1197 ἀκούσας
1220 1120 1453 1205 πρῶτα
1479 1115 1640 1197 τούς
1668 1115 1911 1203 λόγους
1936 1116 2138 1205 μάθε,

526 1220 600 1303 ὃς
627 1226 693 1306 ἐξ
723 1218 930 1311 ὅρους
957 1218 1279 1309 πάρεστιν
1308 1213 1617 1306 ἀγγελῶν
1645 1226 1717 1288 τί
1739 1240 1845 1289 σοι
1862 1241 1877 1256 ·

521 1321 711 1414 ἡμεῖς
738 1326 819 1393 δέ
837 1343 942 1392 σοι
970 1326 1345 1410 μενοῦμεν,
1374 1316 1456 1389 ού
1486 1320 1949 1410 φευξούμεθα.

295 1436 488 1499 ΑΓΓ.
517 1431 799 1497 Πενθεῦ
826 1423 1185 1514 κρατύνων
1214 1427 1415 1509 τῆσδε
1446 1430 1747 1514 Θηβαίας
1772 1424 2043 1512 χθονός,
2207 1443 2315 1499 660

521 1525 664 1618 ἥκω
694 1521 1065 1616 Κιθαιρῶν’
1098 1524 1410 1611 ἐκλιπών,
1439 1522 1520 1594 ἵν’
1555 1522 1806 1597 οὔποτε

523 1635 767 1719 λευκῆς
788 1622 1065 1697 ἀνεῖσαν
1098 1627 1319 1717 χιόνος
1348 1624 1612 1716 εὐαγεῖς
1641 1635 1863 1717 βολαί.

294 1743 438 1804 ΠΕ.
522 1728 706 1821 ἥκεις
734 1731 811 1801 δὲ
837 1735 1040 1800 ποίαν
1073 1731 1461 1819 προστιθεὶς
1492 1729 1798 1819 σπουδὴν
1829 1732 2073 1821 λόγους

294 1843 488 1908 ΑΓΓ.
517 1834 780 1923 Βάκχας
809 1831 1170 1911 ποτνιάδας
1201 1829 1495 1918 εἰσιδών,
1526 1840 1597 1903 αἱ
1623 1838 1825 1920 τῆσδε
1862 1841 1983 1922 γῆς

525 1948 848 2029 οἴστροισι
877 1931 1125 2006 λευκὸν
1151 1940 1374 2004 κῶλον
1400 1931 1850 2024 ἐξηκόντισαν,
2204 1957 2311 2011 665

525 2038 668 2130 ἥκω
703 2039 956 2130 φράσαι
983 2039 1091 2108 σοὶ
1124 2039 1239 2107 καὶ
1270 2036 1461 2107 πόλει
1486 2037 1766 2128 χρῄζων,
1806 2034 1992 2125 ἅναξ,

526 2139 615 2223 ὥς
643 2139 834 2212 δεινὰ
863 2145 1075 2230 δρῶσι
1101 2139 1476 2227 θαυμάτων
1507 2165 1580 2209 τε
1608 2146 1989 2231 κρείσσονα.

523 2235 706 2313 θέλω
735 2240 800 2313 δ’
835 2239 1153 2328 ἀκοῦσαι,
1183 2240 1435 2330 πότερά
1460 2261 1568 2313 σοι
1595 2249 1939 2334 παρρησίᾳ

525 2345 763 2435 φράσω
792 2342 874 2415 τὰ
901 2351 1138 2412 κεῖθεν
1165 2337 1210 2430 ἢ
1237 2341 1443 2430 λόγον
1474 2344 1897 2433 στειλώμεθα
1917 2368 1932 2383 ·

523 2445 598 2518 τὸ
631 2445 761 2539 γὰρ
789 2445 985 2534 τάχος
1014 2464 1139 2514 σου
1167 2451 1306 2514 τῶν
1328 2452 1603 2536 φρενῶν
1632 2443 1897 2534 δέδοικ’,
1927 2443 2115 2535 ἄναξ,
2203 2464 2310 2520 670

522 2552 636 2621 καὶ
665 2547 1102 2637 τούξύθυμον
1129 2549 1243 2639 καὶ
1272 2546 1345 2618 τὸ
1373 2549 1727 2637 βασιλικὸν
1754 2555 1927 2618 λίαν.

294 2661 439 2723 ΠΕ.
520 2650 677 2742 λέγ’,
709 2649 799 2735 ὡς
830 2648 1058 2746 ἀθῷος
1086 2653 1152 2732 ἐξ
1182 2653 1346 2739 ἐμοῦ
1376 2650 1641 2732 πάντως
1679 2658 1847 2722 ἔσει·

525 2752 662 2848 ὅσῳ
699 2751 765 2824 δ’
799 2749 886 2822 ἄν
914 2762 1104 2842 εἴπῃς
1133 2751 1481 2843 δεινότερα
1507 2761 1790 2843 Βακχῶν
1816 2755 1993 2844 πέρι,

525 2861 780 2949 τοσῷδε
806 2861 1063 2943 μᾶλλον
1098 2852 1218 2924 τὸν
1246 2849 1598 2925 ὑποθέντα
1628 2854 1745 2937 τὰς
1772 2857 2005 2944 τέχνας
2207 2872 2310 2928 675

523 2959 791 3046 γυναιξὶ
818 2955 1017 3026 τόνδε
1044 2961 1124 3046 τῇ
1153 2961 1311 3046 δίκῃ
1341 2955 1835 3049 προσθήσομεν.

295 3066 488 3131 ΑΓΓ.
520 3056 800 3149 ἀγελαῖα
825 3059 951 3148 μὲν
978 3055 1335 3150 βοσκήματ’
1372 3056 1523 3151 ἄρτι
1553 3064 1723 3152 πρὸς
1749 3061 1955 3141 λέπας

524 3162 792 3252 μόσχων
827 3158 1300 3252 ὑπεξήκριζον,
1328 3158 1494 3252 ἡνίχ’
1524 3161 1713 3252 ἥλιος

526 3261 799 3346 ἀκτῖνας
827 3267 1036 3354 ἐξίησι
1065 3271 1460 3355 θερμαίνων
1487 3266 1725 3354 χθόνα.

339 3422 348 3429 ”
379 3424 414 3434 —

505 3495 628 3554 τοῖς
662 3480 768 3561 γὰρ
801 3491 1048 3554 δικαίοις
1085 3485 1216 3561 ούχὶ
1255 3493 1595 3562 θυμοῦσθαι
1632 3488 1843 3563 χρεών.
2214 3492 2312 3546 673
