2492 3900
323 176 405 240 80
1029 170 1579 232 ANAPOMAXH

555 350 619 413 εἰ
645 338 828 412 ταῦτ’
863 338 1116 430 ἀληθῆ·
1149 346 1285 409 τῶν
1312 337 1438 429 γὰρ
1470 337 1778 427 ἐκδήμων
1807 346 2031 427 φίλων

553 451 663 515 δεῖ
685 442 843 525 τοὺς
869 440 1016 513 κατ’
1051 439 1239 511 οἷκον
1274 438 1470 521 ὄντας
1497 443 1809 511 ἐκπονεῖν
1841 440 2063 528 τύχας.

329 556 465 619 ΧΟ.
547 552 813 635 Πηλεῦ,
851 551 1082 633 σαφῶς
1109 539 1434 632 ἤκουσας·
1466 538 1619 611 οὐδ’
1654 544 1799 630 ἐμοὶ
1825 539 2033 613 καλὸν

555 648 877 737 κρύπτειν
906 650 979 716 ἐν
1008 640 1241 734 οἷσπερ
1272 635 1443 715 οὖσα
1471 644 1781 733 τυγχάνω
1809 659 2066 725 κακοῖς·

553 757 859 840 βασίλεια
888 745 1018 838 γὰρ
1047 743 1253 817 τοῖνδ’
1291 757 1538 835 οἴχεται
1570 746 1794 835 φυγὰς
1822 746 2071 835 δόμων.
2200 765 2339 819 1055

321 860 476 922 ΠΗ.
551 859 734 931 τίνος
767 848 989 939 φόβου
1020 855 1352 937 τυχοῦσα;
1382 849 1776 937 διαπέραινέ
1798 875 1931 935 μοι.
2268 844 2273 849 ’

323 961 466 1023 ΧΟ.
552 952 752 1023 πόσιν
780 952 1147 1041 τρέμουσα,
1177 948 1268 1039 μὴ
1299 950 1527 1038 δόμων
1554 978 1667 1021 νιν
1696 951 1962 1039 ἐκβάλῃ.

321 1064 478 1125 ΠΗ.
551 1061 698 1143 μῶν
724 1050 1078 1123 ἀντίποινα
1105 1058 1504 1140 θανασίμων
1530 1052 2045 1141 βρυλευμάτων;

323 1165 466 1227 ΧΟ.
549 1163 692 1243 ναί,
723 1156 836 1225 καὶ
863 1152 1181 1243 γυναικὸς
1208 1150 1687 1242 αἰχμαλωτίδος
1717 1153 1932 1247 φόβῳ.

323 1266 480 1327 ΠΗ.
549 1256 680 1327 σύν
708 1260 910 1349 πατρὶ
939 1252 1008 1325 δ’
1043 1265 1270 1337 οἴκους
1298 1250 1342 1343 ἦ
1368 1263 1549 1348 τίνος
1576 1263 1791 1325 λείπει
1818 1258 2014 1343 μέτα;
2190 1273 2339 1329 1060

324 1369 465 1429 ΧΟ.
542 1356 1031 1447 Ἀγαμέμνονός
1055 1385 1168 1427 νιν
1195 1372 1351 1438 παῖς
1379 1355 1614 1448 βέβηκ’
1647 1356 1832 1445 ἄγων
1856 1356 2122 1445 χθονός.

329 1470 479 1531 ΠΗ.
552 1466 756 1529 ποίαν
782 1466 1152 1545 προτείνων
1177 1460 1414 1543 ἐλπίδ’;
1444 1455 1489 1548 ἢ
1521 1466 1725 1549 γῆμαι
1751 1461 2013 1541 θέλων;

325 1571 466 1633 ΧΟ.
551 1563 664 1632 καὶ
697 1567 822 1631 σοῦ
855 1588 932 1648 γε
964 1559 1200 1642 παιδὸς
1231 1562 1425 1631 παιδὶ
1451 1561 1812 1652 πορσύνων
1838 1560 2069 1649 μόρον.

325 1672 478 1733 ΠΗ.
553 1660 849 1752 κρυπτὸς
875 1660 1199 1743 καταστὰς
1225 1658 1271 1752 ἢ
1296 1661 1443 1734 κατ’
1480 1659 1637 1751 ὄμμ’
1672 1661 1899 1732 ἐλθών
1924 1663 2136 1751 μάχῃς

211 1784 216 1787 ’
324 1774 466 1835 ΧΟ.
560 1762 790 1852 ἁγνοῖς
818 1768 891 1835 έν
921 1769 1124 1851 ἱεροῖς
1151 1767 1399 1847 Λοξίου
1425 1772 1724 1853 Δελφῶν
1750 1766 1933 1852 μέτα.
2194 1780 2333 1837 1065

322 1876 478 1935 ΠΗ.
549 1865 762 1956 οιμοι·
793 1862 938 1936 τόδ’
968 1862 1097 1956 ἤδη
1128 1865 1377 1937 δεινόν.
1422 1864 1547 1956 οὐχ
1574 1890 1738 1935 οσον
1764 1865 1957 1953 τάχος

553 1968 928 2059 χωρήσεταί
947 1998 1043 2050 τις
1067 1967 1392 2058 Πυθικὴν
1418 1967 1586 2059 πρὸς
1614 1969 1841 2038 ἑστίαν

554 2073 666 2140 καὶ
691 2065 980 2140 τάνθάδ’
1015 2099 1176 2140 οντα
1207 2086 1345 2152 τοῖς
1372 2074 1515 2140 ἐκεῖ
1536 2072 1707 2153 λέξει
1734 2076 1960 2159 φίλοις

553 2173 717 2261 πρὶν
746 2169 934 2243 παῖδ’
968 2169 1308 2260 Ἀχιλλέως
1336 2183 1705 2243 κατθανεῖν
1732 2174 1999 2261 ἐχθρῶν
2028 2166 2203 2253 &arm

323 2279 518 2342 ΑΓΓ.
556 2301 722 2361 ωμοι
750 2302 864 2362 μοι
881 2297 897 2311 ·
2190 2289 2333 2344 1070

553 2378 695 2454 οἵας
730 2371 766 2444 ὁ
794 2373 1060 2463 τλήμων
1087 2372 1391 2463 ἀγγελῶν
1420 2372 1561 2463 ἥκω
1589 2375 1789 2464 τύχας

553 2482 668 2545 σοί
687 2473 774 2565 τ’,
807 2467 862 2545 ὦ
888 2478 1144 2567 γεραιέ,
1177 2479 1291 2546 καὶ
1319 2484 1575 2565 φίλοισι
1603 2477 1951 2547 δεσπότου.

322 2585 478 2646 ΠΗ.
554 2583 725 2648 αἰαῖ·
760 2579 1127 2669 πρόμαντις
1155 2578 1377 2669 θυμὸς
1406 2575 1495 2662 ὥς
1522 2606 1583 2647 τι
1612 2583 1977 2668 προσδοκᾷ.

322 2686 514 2749 ΑΓΓ.
548 2676 674 2749 οὐκ
705 2687 842 2750 ἔστι
869 2702 978 2750 σοι
1005 2696 1158 2762 παῖς
1184 2681 1453 2768 παιδός,
1486 2677 1576 2762 ὥς
1602 2681 1858 2771 μάθῃς,
1887 2682 2087 2770 γέρον

550 2787 814 2867 Πηλεῦ·
845 2782 1111 2852 τοιάσδε
1140 2783 1507 2871 φασγάνων
1536 2781 1855 2871 πληγάς”
1818 2809 1952 2869 εχει

549 2889 847 2971 Δελφων
878 2878 998 2952 ὑπ’
1031 2880 1304 2972 ἀνδρων
1331 2885 1443 2954 καὶ
1468 2891 1883 2973 Μυκηναίου
1910 2885 2127 3004 ξένου.
2196 2900 2331 2954 1075

323 2992 462 3052 XO
545 2973 588 3051 ἆ
617 2973 690 3070 ἆ,
720 2991 792 3052 τί
813 2983 1112 3074 δράσεις,
1143 3013 1196 3054 ω
1225 2988 1487 3076 repat-{3
1516 2984 1605 3074 μὴ
1634 2989 1869 3076 πέσῃς·

519 3091 783 3174 ..ἔπαιρε
809 3087 1080 3157 σαυτόν.
1107 3095 1265 3156 ΠΗ.
1296 3085 1500 3159 οὐδέν
1533 3085 1701 3176 εἰμ’·
1732 3085 2116 3176 ἀπωλόμην.

551 3187 820 3276 φρούδη
847 3189 971 3278 μὲν
1000 3186 1208 3278 αὐδή,
1239 3194 1510 3281 φροῦδα
1538 3187 1605 3260 δ’
1638 3186 1867 3280 αρθρα
1896 3216 2031 3278 μου
2062 3189 2262 3259 κάτω.

316 3294 515 3357 ΑΓΓ.
545 3285 870 3378 ακουσον,
903 3297 966 3360 εἰ
990 3294 1102 3362 καὶ
1129 3307 1272 3373 σοῖς
1301 3299 1522 3381 φίλοις
1552 3288 1935 3380 ἀμυναθεῖν

541 3390 816 3481 χρῄζεις,
845 3391 920 3462 τὸ
949 3396 1276 3483 πραχθέν,
1303 3392 1430 3466 σον
1455 3393 1895 3485 κατορθώσας
1925 3395 2148 3481 δέμας.
2190 3408 2329 3462 1080

317 3498 469 3560 ΠΗ.
543 3482 599 3561 αἶ
625 3509 851 3584 μοῖρα,
881 3493 1104 3586 γήρως
1129 3494 1425 3585 ἐσχάτοις
1451 3494 1617 3586 πρὸς
1644 3499 1963 3587 τέρμασιν

2039 22 2458 191 ’,Γ

2488 2347 2491 2419 ἱ

2486 2473 2489 2537 ἱ

2481 2563 2487 2682 1

2475 2907 2481 3012 1
