2492 3900
592 174 1008 232 ΗΡΑΚΛΗΣ
1034 171 1651 232 ΜΑΙΝΟΜΕΝΟΣ
1999 167 2123 233 355

348 335 386 410 3
411 339 477 411 δ’
514 344 868 423 ἐξελίσσων
900 345 1106 409 παῖδα
1137 345 1364 419 κίονος
1389 338 1617 432 κύκλῳ

347 443 654 532 πόρευμα
681 439 912 512 δεινὸν
938 441 1176 527 ποδός,
1213 444 1524 510 ἐναντίον
1549 445 1824 527 σταθεὶς

347 545 579 633 βάλλει
607 542 775 633 πρὸς
798 534 978 633 ἧπαρ
999 565 1013 580 ·
1044 539 1281 622 ῧπτιος
1310 542 1386 611 δὲ
1413 548 1688 625 λαΐνους

348 645 764 736 ὀρθοστάτας
791 651 1070 714 ἔδευσεν
1096 646 1399 715 ἐκπνέων
1425 651 1600 733 βίον.
2024 661 2129 718 980

344 743 385 818 ὃ
417 744 481 817 δ’
515 745 800 835 ἠλάλαξε
825 744 1343 835 κάπεκόμπασεν
1369 746 1559 815 τάδε·

349 845 446 930 εἷς
477 850 602 937 μὲν
629 847 906 929 νεοσσὸς
933 845 1052 919 ὅδε
1078 847 1318 918 θανὼν
1344 844 1763 936 Εὐρυσθέως

349 959 605 1042 ἔχθραν
631 950 948 1042 πατρῴαν
975 953 1258 1020 ἐκτίνων
1284 951 1592 1020 πέπτωκέ
1613 978 1745 1039 μοι.

352 1050 531 1144 ἄλλῳ
562 1050 628 1120 δ’
663 1056 881 1140 ἐπεῖχε
908 1048 1072 1139 τόξ’,
1101 1048 1175 1132 ὃς
1203 1047 1378 1138 άμφὶ
1405 1057 1669 1139 βωμίαν

352 1157 585 1241 ἔπτηξε
614 1150 889 1243 κρηπῖδ’
923 1151 1013 1234 ὥς
1038 1155 1403 1241 λεληθέναι
1432 1158 1679 1225 δοκῶν.
2029 1170 2131 1225 985

352 1256 608 1343 φθάνει
636 1254 703 1324 δ’
735 1252 772 1325 ὁ
799 1255 1068 1345 τλήμων
1094 1255 1333 1343 γόνασι
1362 1253 1764 1344 προσπεσών
1788 1256 2034 1347 πατρὸς

352 1360 466 1426 καὶ
492 1356 661 1446 πρὸς
688 1359 954 1446 γένειον
985 1371 1174 1446 χεῖρα
1201 1359 1316 1426 καὶ
1345 1359 1551 1446 δέρην
1577 1357 1835 1446 βαλών·

354 1451 410 1527 αἶ
440 1457 731 1547 φίλτατ’,
761 1457 972 1552 αὐδᾷ,
1003 1459 1094 1548 μή
1119 1455 1189 1547 μ’
1223 1455 1621 1549 ἀποκτείνῃς
1640 1511 1659 1546 ,
1688 1460 1895 1550 πάτερ
1914 1482 1929 1497 ·

351 1561 466 1642 σός
495 1566 628 1649 εἰμι
661 1560 776 1643 σὸς
805 1575 992 1648 παῖς,
1029 1557 1112 1630 ού
1142 1558 1264 1630 τὸν
1288 1556 1707 1651 Εὐρυσθέως
1738 1558 1930 1643 ὀλεῖς.

345 1655 383 1732 ὃ
417 1659 480 1731 δ’
514 1659 862 1754 ἀγριωπὸν
895 1660 1073 1752 ὄμμα
1098 1663 1438 1753 Γοργόνος
1464 1667 1797 1752 στρέφων,
2034 1679 2137 1734 990

351 1759 442 1844 ὥς
477 1763 665 1845 ἐντός
693 1772 848 1854 ἔστη
875 1779 1030 1846 παῖς
1058 1771 1320 1854 λυγροῦ
1347 1765 1767 1853 τοξεύματος,

352 1866 834 1955 μυδροκτύπον
860 1864 1096 1955 μίμημ’
1130 1861 1303 1956 ὑπὲρ
1331 1862 1505 1957 κάρα
1533 1866 1764 1956 βαλών

351 1966 556 2051 ξύλον
581 1975 844 2052 καθῆκε
868 1966 1108 2048 παιδὸς
1137 1974 1231 2049 εἰς
1259 1966 1517 2050 ξανθὸν
1542 1968 1737 2058 κάρα,

353 2073 591 2160 ἔρρηξε
619 2066 686 2139 δ’
719 2066 900 2139 ὀστᾶ.
931 2069 1255 2159 δεύτερον
1283 2070 1360 2139 δὲ
1388 2067 1574 2139 παῖδ’
1609 2069 1803 2156 ἑλών,

350 2187 560 2261 χωρεῖ
580 2178 810 2261 τρίτον
835 2170 1007 2260 θῦμ’
1042 2168 1132 2253 ὥς
1159 2172 1547 2260 ἐπισφάξων
1582 2178 1804 2241 δυοῖν.
2036 2184 2139 2240 995

353 2271 521 2342 ἀλλὰ
550 2273 809 2361 φθάνει
834 2303 946 2343 νιν
981 2271 1024 2362 ἡ
1052 2270 1310 2343 τάλαιν’
1348 2283 1507 2343 εἴσω
1534 2274 1763 2365 δόμων

352 2375 568 2464 μήτηρ
597 2372 1106 2464 ὑπεκλαβοῦσα,
1136 2377 1251 2445 καὶ
1279 2376 1469 2465 κλῄει
1498 2373 1733 2458 πύλας.

355 2477 392 2547 ὃ
423 2474 488 2545 δ’
524 2473 612 2557 ὥς
639 2475 747 2547 ἐπ’
781 2474 1012 2558 αὐτοῖς
1040 2476 1124 2565 δὴ
1157 2482 1668 2547 Κυκλωπίοισιν
1708 2465 1803 2536 ὢν

354 2577 634 2648 σκάπτει
659 2580 972 2667 μοχλεύει
997 2578 1338 2668 θύρετρα,
1366 2575 1729 2666 κάκβαλὼν
1756 2573 2021 2661 σταθμὰ

358 2677 662 2771 δάμαρτα
688 2682 803 2749 καὶ
830 2678 1018 2751 παῖδ’
1055 2682 1157 2749 ἑνὶ
1183 2680 1645 2769 κατέστρωσεν
1672 2682 1873 2768 βέλει.
2009 2691 2145 2745 1000
2238 2744 2255 2763 ‚

358 2779 696 2853 κάνθένδε
725 2781 893 2872 πρὸς
918 2784 1233 2873 γέροντος
1267 2780 1535 2851 ἱππεύει
1561 2779 1780 2870 φόνον
1796 2803 1811 2818 ·

359 2880 508 2952 ἀλλ’
542 2873 758 2972 ἦλθεν
787 2884 990 2955 εἰκῶν
1023 2880 1114 2965 ὥς
1140 2880 1311 2972 ὁρᾶν
1338 2887 1653 2973 ἐφαίνετο
1744 2932 1757 2983 ·.

354 2984 628 3067 Παλλὰς
656 2983 1095 3075 κραδαίνουσ’
1131 2993 1319 3074 ἔγχος
1347 2987 1457 3055 ἐπὶ
1485 2986 1677 3078 λόφῳ
1704 2986 1890 3073 κέαρ,

357 3083 645 3178 κᾶρριψε
673 3089 919 3179 πέτρον
945 3089 1228 3178 στέρνον
1259 3093 1353 3168 εἰς
1376 3084 1804 3177 Ἡρακλέους,

359 3185 434 3269 ὅς
459 3218 572 3259 νιν
602 3189 824 3279 φόνου
853 3186 1194 3279 μαργῶντ’
1229 3190 1463 3277 ἐπέσχε
1490 3195 1631 3271 κείς
1657 3185 1881 3258 ὕπνον
2016 3201 2148 3254 1005

359 3298 651 3380 καθῆκε·
701 3299 921 3363 πίτνει
949 3288 1014 3362 δ’
1052 3298 1146 3371 είς
1173 3292 1420 3379 πέδον,
1450 3289 1619 3380 πρὸς
1645 3298 1843 3361 κίονα

358 3400 577 3464 νῶτον
603 3394 924 3483 πατάξας,
963 3388 1036 3476 ὃς
1062 3392 1395 3481 πεσήμασι
1422 3394 1657 3482 στέγης

359 3495 759 3587 διχορραγὴς
787 3504 1000 3567 ἔκειτο
1027 3500 1383 3587 κρηπίδων
1411 3502 1541 3566 ἔπι.
1688 3589 1775 3655 23
1798 3594 1827 3629 *
