2492 3900
319 184 440 249 164

317 362 457 425 ΕΚ.

315 464 454 527 ΑΓ.

315 566 457 627 ΕΚ.

314 667 455 729 ΛΓ.

315 768 459 832 ΕΚ.

315 973 458 1034 ΕΚ.

314 1074 454 1136 ΑΓ.

313 1177 458 1238 ΕΚ.

316 1277 456 1340 ΑΓ.

315 1379 458 1440 ΕΚ.

315 1478 455 1541 ΑΓ.

316 1580 458 1641 ΕΚ.

316 1681 455 1743 ΑΓ.

316 1782 458 1843 ΕΚ.

319 1884 456 1946 ΑΓ.

315 1987 459 2047 ΕΚ.

315 2087 456 2149 ΑΓ.

319 2189 458 2250 ΕΚ.

1193 187 1497 243 ΕΚΑΒΗ

538 354 754 444 πατήρ
787 382 901 424 νιν
929 356 1293 442 ἐξέπεμψεν
1319 350 1647 444 ὀρρωδῶν
1671 364 1934 423 θανεῖν.

542 472 662 526 ποῖ
681 463 818 525 τῶν
842 453 980 525 τότ’
1015 454 1234 526 ὄντων
1262 464 1550 544 χωρίσας
1576 460 1833 525 τέκνων
1857 456 2102 543 μόνον;

542 566 635 639 εἰς
663 559 866 646 τήνδε
890 559 1148 647 χώραν,
1179 549 1391 646 οὗπερ
1408 554 1675 647 ηὑρέθη
1704 558 1961 627 θανών.
2227 577 2339 632 770

543 659 710 749 πρὸς
737 656 933 749 ἄνδρ’
967 656 1039 741 ὃς
1063 656 1253 749 ἄρχει
1280 666 1481 747 τῆσδε
1506 661 1970 749 Πολυμήστωρ
1997 663 2289 747 χθονός;

542 759 822 831 ἐνταῦθ’
856 764 1171 850 ἐπέμφθη
1199 761 1603 851 πικροτάτου
1629 768 1886 849 χρυσοῦ
1914 763 2156 850 φύλαξ.

540 865 826 952 θνήσκει
855 865 932 934 δὲ
959 863 1127 953 πρὸς
1151 870 1275 933 τοῦ
1302 866 1416 932 καὶ
1443 872 1627 945 τίνος
1652 862 1909 951 πότμου
1938 865 2200 952 τυχώνς

541 974 724 1045 τίνος
752 963 817 1035 δ’
851 963 970 1036 ὑπ’
1002 964 1248 1049 ἄλλους
1294 967 1471 1056 Θρῄξ
1500 993 1614 1034 νιν
1642 962 1851 1034 ὤλεσε
1878 967 2083 1047 ξένος.

548 1059 606 1136 ὦ
629 1076 909 1157 τλῆμον·
959 1058 1004 1155 ἦ
1036 1094 1168 1138 που
1195 1067 1451 1157 χρυσὸν
1475 1064 1745 1155 ἠράσθη
1772 1076 2039 1155 λαβεῖνς
2230 1084 2334 1141 775

537 1168 822 1257 τοιαῦτ’,
854 1169 1083 1258 ἐπειδὴ
1108 1168 1468 1258 συμφορὰν
1496 1176 1669 1256 ἔγνω
1700 1177 2015 1258 Φρυγῶν.

538 1261 744 1359 ηὗρες
771 1273 848 1342 δὲ
874 1280 1006 1340 ποῦ
1033 1299 1168 1358 νιν,
1196 1268 1242 1359 ἢ
1268 1278 1369 1351 τίς
1394 1268 1682 1359 ἤνεγκεν
1712 1272 1993 1361 νεκρόν;

539 1369 680 1459 ἥδ’,
710 1376 1082 1460 ἐντυχοῦσα
1108 1382 1384 1455 ποντίας
1411 1370 1612 1461 ἀκτῆς
1640 1380 1768 1442 ἔπι.

544 1480 788 1542 τοῦτον
813 1473 1175 1560 ματεύουσ’
1208 1470 1254 1563 ἦ
1290 1473 1569 1545 πονοῦσ’
1603 1472 1810 1544 ἄλλον
1837 1476 2085 1557 πόνους

538 1570 770 1663 λούτρ’
804 1571 994 1666 ᾤχετ’
1028 1574 1289 1644 οἴσουσ’
1322 1580 1387 1659 ἐξ
1416 1574 1573 1656 ἁλὸς
1598 1580 1966 1666 Πολυξένη.
2227 1594 2333 1648 780

547 1674 812 1745 κτανών
835 1704 984 1764 νιν,
1017 1673 1107 1756 ὥς
1133 1684 1384 1766 ἔοικεν,
1415 1679 1721 1766 ἐκβάλλει
1750 1682 1953 1761 ξένος.

540 1777 1217 1866 θαλασσόπλαγκτον,
1251 1770 1385 1848 ὦδε
1414 1779 1748 1868 διατεμών
1774 1782 1958 1868 χρόα.

551 1868 606 1945 ὦ
633 1885 898 1966 σχετλία
923 1878 1012 1949 σὺ
1039 1888 1176 1949 τῶν
1202 1878 1591 1971 ἀμετρήτων
1618 1882 1869 1952 πόνων.

542 1977 764 2051 ὄλωλα
791 1980 1042 2053 κούδὲν
1069 1984 1340 2072 λοιπόν,
1364 1981 1807 2072 Ἀγάμεμνον,
1840 1992 2087 2054 κακῶν.

545 2089 679 2168 φεῦ
709 2091 843 2170 φεῦ
861 2107 875 2122 ·
915 2094 1015 2166 τίς
1045 2083 1222 2155 οὕτω
1252 2085 1583 2173 δυστυχὴς
1612 2094 1745 2173 ἔφυ
1772 2086 1979 2174 γυνή;
2232 2105 2338 2160 785

544 2181 669 2253 οὐκ
699 2192 913 2273 ἔστιν,
954 2193 1018 2255 εἰ
1040 2186 1130 2274 μὴ
1158 2186 1283 2276 τὴν
1310 2186 1519 2275 τύχην
1546 2185 1759 2276 αὐτὴν
1787 2191 2022 2276 λέγοις.

547 2280 694 2351 ἀλλ’
734 2277 957 2374 ὦνπερ
1008 2283 1211 2356 εἵνεκ’
1249 2285 1423 2376 ἀμφὶ
1450 2287 1575 2358 σὸν
1602 2296 1820 2358 πίπτω
1847 2290 2041 2376 γόνυ,

550 2381 866 2454 ἄκουσον.
916 2393 980 2455 εἰ
1000 2387 1124 2474 μὲν
1152 2384 1305 2458 ὅσιά
1332 2411 1437 2457 σοι
1466 2401 1717 2459 παθεῖν
1744 2396 1944 2477 δοκῶ,

548 2485 886 2576 στέργοιμ’
921 2486 1035 2559 ἅν·
1083 2496 1146 2558 εἰ
1169 2491 1246 2559 δὲ
1271 2487 1682 2579 τοῦμπαλιν,
1712 2493 1799 2561 σύ
1825 2521 1937 2580 μοι
1966 2501 2174 2579 γενοῦ

545 2587 834 2680 τιμωρὸς
859 2587 1110 2681 ἀνδρὸς
1137 2590 1595 2662 άνοσιωτάτου
1624 2595 1841 2680 ξένου,
2228 2613 2336 2668 790

547 2687 620 2770 ὃς
647 2689 804 2760 οὔτε
830 2692 990 2774 τοὺς
1017 2701 1138 2780 γῆς
1165 2696 1419 2783 νέρθεν
1450 2692 1607 2763 οὔτε
1634 2693 1795 2776 τοὺς
1822 2692 1963 2766 ἅνω

548 2797 776 2870 δείσας
806 2795 1134 2881 δέδρακεν
1162 2802 1362 2884 ἔργον
1391 2793 1843 2867 ἀνοσιώτατον

549 2895 804 2977 [κοινῆς
828 2894 1147 2982 τραπέζης
1177 2899 1495 2978 πολλάκις
1524 2896 1747 2986 τυχών
1774 2903 1940 2986 ἐμοί,

546 2995 765 3072 ξενίας
790 2989 852 3060 τ’
888 2989 1156 3088 ἀριθμῷ
1186 3006 1416 3087 πρῶτα
1441 3008 1579 3068 τῶν
1608 3004 1789 3088 ε’μῶν
1810 3009 2056 3084 φίλων·

545 3091 769 3178 τυχών
797 3090 863 3162 δ’
895 3091 1076 3165 ὅσων
1103 3102 1213 3167 δεῖ
1233 3103 1348 3168 καὶ
1374 3099 1604 3188 λαβών
1628 3109 2021 3191 προμηθίαν
2232 3121 2336 3177 795

549 3201 834 3283 ἔκτεινε,
865 3197 1127 3286 τύμβου
1157 3197 1251 3286 δ’,
1282 3209 1347 3270 εί
1370 3219 1643 3272 κτανεῖν
1670 3203 2003 3291 ἐβούλετο,

547 3292 672 3365 οὐκ
700 3294 1017 3386 ἠξίωσεν,
1049 3297 1198 3368 ἀλλ’
1231 3299 1453 3390 άφῆκε
1479 3304 1802 3389 πόντιον].

545 3394 734 3484 ἡμεῖς
760 3399 886 3485 μὲν
916 3392 1043 3468 οὖν
1073 3406 1318 3471 δοῦλοί
1338 3430 1410 3472 τε
1436 3401 1797 3486 κάσθενεῖς
1825 3417 2019 3486 ἴσως·

548 3495 698 3566 ἀλλ’
733 3505 804 3567 οἱ
822 3503 975 3568 θεοὶ
1003 3503 1328 3572 σθένουσι
1354 3502 1449 3591 χὼ
1477 3514 1728 3576 κείνων
1754 3515 2023 3596 κρατῶν
