2492 3900
295 191 420 255 160
1153 192 1454 249 ΕΚΑΒΗ

245 407 251 416 =
296 371 437 432 XO.
520 362 667 448 ἐμοὶ
692 368 860 450 χρῆν
886 359 1268 447 συμφοράν,
1983 385 2131 445 στρ.

523 464 669 550 ἐμοὶ
697 467 864 551 χρῆν
892 457 1201 548 πημονὰν
1228 461 1570 546 γενέσθαι,
2207 485 2323 537 5311

516 561 762 633 Ἰδαίαν
788 559 900 633 ὅτε
925 568 1191 651 πρῶτον
1217 557 1390 629 ῧλατι1

517 663 947 754 Ἀλέξανδρος
975 668 1316 732 εἰλατίναν

524 764 823 855 ἐτάμεθ’,
853 761 1044 833 ἅλιον
1073 761 1180 832 ἐπ’
1216 763 1414 851 οἶδμα
1442 765 1918 854 ναυστῡλὴσων

515 866 778 947 Ἑλένας
809 868 918 935 ἐπὶ
947 866 1220 954 λέκτρα,
1254 864 1378 934 τὰν
2207 886 2315 938 555

525 975 887 1039 καλλίσταν
915 965 951 1036 ὁ
979 964 1370 1057 χρυσοφαὴς

508 1069 730 1152 ’Ἅλιος
758 1066 1048 1157 αὐγάζει.

527 1174 724 1244 πόνοι
752 1171 882 1262 γὰρ
911 1172 1026 1240 καὶ
1051 1169 1284 1239 πόνων
2027 1170 2167 1242 ἀντ,

526 1275 814 1363 ἀνάγκαι
843 1279 1226 1362 κρείσσονες
1252 1278 1682 1342 κυκλοῦνται.

528 1374 763 1447 κοινὸν
791 1372 856 1443 δ’
889 1377 955 1456 ἐξ
986 1379 1159 1453 ἰδίας
1185 1369 1418 1454 ἀνοίας
2207 1394 2315 1446 646

528 1475 741 1547 κακὸν
767 1482 850 1566 τᾷ
876 1480 1279 1562 Σιμουντίδι
1308 1482 1394 1566 γᾷ

529 1577 850 1665 ὀλέθριον
879 1583 1072 1663 ἔμολε
1099 1575 1421 1666 συμφορά
1447 1572 1508 1644 τ’
1542 1570 1657 1644 ἀπ’
1692 1570 1935 1643 ἄλλων.

530 1685 772 1769 ἐκρίθη
804 1674 868 1746 δ’
903 1685 1074 1767 ἔρις,
1106 1673 1191 1745 ἃν
1216 1676 1401 1747 ένἼ-

531 1788 617 1874 δα
644 1787 861 1870 κρίνει
889 1777 1162 1868 τρισσὰς
1187 1777 1509 1870 μακάρων
2208 1796 2315 1849 645

531 1889 770 1963 παῖδας
798 1879 967 1974 ἀνὴρ
997 1880 1265 1970 βούτας,
1748 1900 1751 1905 ·

531 1990 639 2057 ἐπὶ
669 1987 820 2075 δορὶ
846 1987 960 2054 καὶ
987 1985 1178 2076 φόνῳ
1204 1985 1319 2052 καὶ
1348 1985 1526 2071 ἐμῶν
1554 1982 1916 2070 μελάθρων
1945 1981 2163 2074 λώβᾳ·

533 2091 752 2158 στένει
781 2088 856 2156 δὲ
883 2094 1003 2156 καί
1023 2113 1122 2166 τις
1151 2083 1325 2174 ἀμφὶ
1352 2082 1472 2154 τὸν
1502 2082 1745 2173 εὔρουν
1770 2081 2103 2173 Εὐρωταν
2208 2101 2318 2156 650

532 2188 836 2258 Λάκαινα
864 2187 1371 2277 πολυδάκρυτος
1398 2189 1473 2255 ἐν
1500 2187 1731 2275 δόμοις
1757 2185 1948 2275 κόρα,

532 2289 771 2360 πολιόν
797 2288 858 2357 τ’
891 2290 1000 2357 ἐπὶ
1025 2295 1238 2377 κρᾶτα
1265 2288 1479 2377 μάτηρ

532 2394 787 2460 τέκνων
815 2389 1174 2459 θανόντων

534 2500 795 2562 τίθεται
821 2493 982 2583 χέρα
1012 2491 1385 2580 δρύπτεταί
1407 2519 1479 2561 τε
1507 2491 1815 2581 παρειάν,
2208 2507 2317 2561 655

537 2590 873 2684 δίαιμον”
834 2621 1045 2718 ονυχα
1073 2596 1397 2682 τιθεμένα
1425 2608 1859 2683 σπαραγμοῖς.

308 2705 443 2767 ΘΕ.
535 2713 882 2788 γυναῖκες,
904 2693 1145 2785 Ἑκάβη
1176 2703 1312 2765 ποῦ
1341 2692 1504 2765 ποθ’
1538 2723 1581 2783 η
1610 2700 1975 2780 παναθλία,

536 2827 579 2887 η
608 2798 823 2868 πάντα
845 2795 1092 2866 νικωσ’
1126 2793 1344 2925 ανδρα
1371 2799 1484 2866 καὶ
1509 2803 1738 2884 θῆλυν
1763 2793 2024 2885 σποραν

535 2914 878 2980 κακοῖσινς
914 2895 1140 2977 οὐδεὶς
1165 2901 1503 2987 στέφανον
1530 2895 2034 2989 ἆνθαιρησεται.
2209 2910 2318 2966 660

310 3008 450 3072 XO.
533 3008 603 3070 τί
623 2997 715 3088 δ’,
746 2990 802 3069 οἶ
829 2999 1106 3068 τάλαινα
1133 3006 1252 3089 σῆς
1278 3000 1753 3088 κακογλωσσου
1780 3006 1973 3088 βοῆς;

540 3099 629 3182 ως
657 3098 910 3171 οὔποθ’
947 3097 1132 3171 εὕδει
1159 3102 1383 3191 λυπρά
1414 3123 1539 3173 σου
1569 3102 1982 3192 κηρύγματα.

311 3213 447 3273 ΘΕ.
523 3202 765 3294 Ἑκάβη
792 3205 980 3293 φέρω
1007 3200 1151 3273 τόδ’
1183 3199 1413 3292 αλγος·
1448 3207 1523 3273 έν
1547 3219 1813 3274 κακοῖσι
1841 3202 1918 3272 δὲ

539 3303 621 3375 οὐ
651 3306 889 3398 ῥάδιον
913 3315 1260 3396 βροτοῖσιν
1288 3303 1619 3395 εὐφημεῖν
1646 3305 1876 3394 στόμα.

316 3415 453 3476 ΧΟ.
533 3409 647 3476 καὶ
675 3406 809 3495 μὴν
837 3414 1107 3496 περωσα
1131 3409 1445 3497 τυγχάνει
1472 3408 1702 3496 δόμων
1727 3401 1862 3474 άπο
2211 3415 2316 3472 665

929 3524 1121 3578 629-
1141 3524 1545 3580 6372638-
1561 3524 1667 3578 646
