2492 3900
110 3190 265 3257 XO,

110 3362 266 3423 AA

110 3446 266 3508 ΧΟ.

111 3531 268 3592 ΑΛ.

885 165 1413 224 ΗΡΑΚΛΕΙΔΛΙ
2010 161 2135 224 319

327 324 488 416 μηδ’
523 324 684 393 ἄλλο
711 323 921 410 μηδὲν
925 331 1060 430 mk
1080 327 1238 409 ἐμῆς
1261 330 1475 430 ψυχῆς
1498 327 1646 409 πέρι

329 408 600 492 λέξονθ’
631 407 801 476 όθεν
824 405 948 517 χρῂ
975 413 1228 476 δειλίαν
1244 405 1491 515 ὀφλεῖν
1515 433 1683 474 τινα.
2034 423 2139 480 985

337 495 466 602 ἐγώ
497 496 570 563 δὲ
596 507 816 571 νεῖκος
839 491 964 601 οὐχ
987 489 1160 561 ἑκων
1183 491 1305 559 τόδ
1356 517 1654 596 ηραμην·

327 578 459 684 ’ήδη
483 604 558 664 γε
582 581 688 647 σοὶ
711 579 835 663 μὲν
860 578 1263 657 αντανέψιος
1284 577 1533 684 γεγώς,

339 670 432 754 τῷ
456 669 552 770 σῷ
576 663 648 729 δὲ
675 664 862 729 παιδὶ
885 659 1217 766 συγγενὴς
1243 658 1648 766 Ἡρακλέει.

338 732 486 815 ἀλλ’
507 729 638 814 εἴτ’
669 750 938 850 ἔχρῃζον
962 754 1092 812 εἴτε
1096 744 1208 852 μή
1222 795 1240 830 ,
1265 744 1428 825 θεὸς
1452 743 1597 848 γὰρ
1605 735 1712 830 ἦν,

314 831 446 916 Ἥρ
450 858 490 897 α
512 857 594 938 με
616 831 899 916 κάμνειν
919 827 1111 916 τήνδ’
1143 835 1347 936 ἔθηκε
1370 828 1493 933 τὴν
1516 826 1743 896 νόσον.
2036 843 2143 898 990

335 917 474 982 ἐπεὶ
500 912 564 981 δ’
592 916 824 1020 ἐκείνῳ
850 912 1311 1022 δυσμένειαν’
1274 914 1538 1020 ηράμην

336 997 610 1084 κᾶγνων
632 995 860 1084 ἀγωνα
881 994 1068 1066 τόνδ’
1097 995 1623 1106 ἀγωνιούμενος,

336 1087 606 1151 πολλῶν
634 1080 956 1190 σοφιστὴς
980 1083 1301 1194 πημάτων
1323 1082 1712 1194 ἐγιγνόμην

339 1167 450 1234 καὶ
476 1163 671 1235 πόλλ’
707 1171 963 1234 ἔτικτον
987 1169 1181 1234 νυκτι
1211 1171 1583 1234 συνθακων
1614 1164 1716 1232 ἀεὶ

339 1250 520 1330 ὅπως
544 1249 790 1330 διώσας
819 1253 926 1318 καὶ
949 1257 1379 1330 κατακτείνας
1408 1249 1608 1336 ἐμοὺς
2038 1267 2142 1323 995

335 1333 623 1420 ἐχθροὺς
647 1333 720 1402 τὸ
750 1332 992 1402 λοιπὸν
1011 1333 1100 1440 μη
1124 1339 1519 1441 συνοικοίην
1531 1332 1760 1440 φόβῳ,

337 1421 528 1498 εἰδώς
550 1419 672 1525 μὲν
696 1417 822 1486 οὐκ
847 1415 1146 1521 ἄριθμον
1171 1416 1319 1487 ἀλλ’
1349 1403 1709 1504 ἐτητύμως

336 1501 532 1610 ἄνδρ’
562 1501 727 1573 ὄντα
750 1501 870 1570 τὸν
895 1501 1020 1570 σὸν
1040 1507 1273 1570 παῖδα·
1303 1509 1545 1608 καίπερ
1578 1501 1818 1609 ἐχθρὸς
1848 1503 1947 1568 ‹132›

337 1585 691 1656 ἀκούσεται
709 1592 873 1694 γὰρ
921 1587 1131 1655 ἐσθλοὶ
1154 1585 1440 1693 χρηστὸς
1463 1613 1560 1653 ων
1583 1584 1777 1697 ἄνῆρ.

339 1677 570 1738 κείνου
591 1669 656 1739 δ’
685 1668 1230 1776 απαλλαχθέντος
1254 1668 1382 1738 οὐκ
1406 1673 1608 1756 ἐχρῆν
1628 1697 1675 1756 μ
1733 1697 1863 1758 αρα
2009 1690 2141 1743 1000

339 1750 754 1841 μισούμενον
777 1751 945 1858 πρὸς
971 1758 1183 1821 τωνδε
1207 1757 1316 1821 καὶ
1342 1757 1696 1834 ξυνειδότα

339 1845 592 1924 ἔχθραν
615 1840 961 1945 πατρώαν,
987 1836 1202 1905 πάντα
1226 1846 1495 1924 κινῆσαι
1520 1841 1786 1942 πέτρον,

337 1929 684 1991 κτείνοντα
708 1890 1169 2031 κᾶκβάλλοντα
1193 1924 1303 1991 καὶ
1327 1921 1787 2031 τεχνώμενον·
1768 1972 1787 2005 ,

345 2014 620 2075 τοιαῦτα
644 1999 893 2115 δρωντι
917 2004 1069 2095 τᾶμ’
1098 2004 1381 2111 ἐγίγνετ’
1406 2006 1693 2115 ἀσφαλῆ.

338 2116 596 2159 ουκουν
618 2094 704 2159 σύ
728 2089 796 2177 γ’
823 2114 908 2157 αν
933 2098 1236 2178 λαβοῦσα
1257 2088 1372 2171 τὰς
1396 2093 1554 2178 ἐμὰς
1575 2094 1776 2177 τύχας
2012 2110 2143 2164 1005

337 2181 594 2283 ἐχθροῦ
616 2179 885 2255 λέοντος
908 2180 1204 2281 δυσμενῆ
1229 2179 1657 2283 βλαστήματα

337 2256 1096 2451 ἓλῖέῗὲεἶῖῑῖαέἰῗὲζῖ
1119 2256 1464 2411 ῗέἒῗνσῗεῖ
1471 2286 1729 2450 ἵᾷᾌῗῗς.

339 2435 472 2495 νῦν
498 2453 625 2495 ουν
648 2428 876 2533 ἐπειδή
901 2425 974 2514 μ’
1002 2426 1087 2495 οὐ
1115 2428 1446 2496 διώλεσαν
1467 2427 1615 2497 τότε

339 2512 702 2621 πρόθυμον
723 2509 921 2598 ὅντα,
947 2524 1161 2579 τοῖσιν
1188 2509 1523 2615 Ἑλλήνων
1545 2512 1777 2617 νόμοις
2015 2530 2148 2584 1010

344 2622 425 2665 ου
414 2622 471 2702 χ
500 2592 706 2703 ἁγνός
729 2602 860 2680 εἰμι
884 2621 974 2686 τω
999 2594 1315 2663 κτανόντι
1340 2596 1729 2664 κατθανών·

341 2681 536 2760 πόλις
565 2683 626 2750 6'
647 2678 867 2766 αφῆκε
890 2663 1373 2767 σωφρονοῦσα,
1398 2681 1517 2747 τὸν
1541 2678 1713 2748 θεὸν

339 2769 562 2870 μειζον
585 2769 820 2831 τίουσα
843 2770 958 2871 τῆς
980 2767 1138 2849 ἐμῆς
1163 2768 1408 2848 ἔχθρας
1432 2763 1678 2849 [πολύ].

343 2846 387 2915 ἅ
393 2875 450 2954 γ
457 2846 690 2927 ἐἶπας
715 2846 1164 2953 ἀντήκουσας’
1191 2851 1517 2916 ἐντεῦθεν
1540 2850 1612 2916 δὲ
1632 2846 1755 2934 χρὴ

342 2932 462 2999 τὸν
487 2932 986 3042 προστρόπαιον
1009 2932 1129 3000 τόν
1153 2958 1222 2999 τε
1245 2946 1561 3018 γενναῖον
1585 2940 1833 3001 καλεῖν.
2014 2949 2147 3003 1015

343 3041 522 3083 ουτω
547 3042 623 3102 γε
644 3018 871 3120 μέντοι
895 3013 1046 3122 τᾶμ’
1077 3021 1239 3125 ἔχει·
1266 3026 1508 3084 θανεῖν
1532 3016 1656 3102 μὲν
1675 3014 1759 3083 ού

339 3101 590 3189 χρῄζω,
618 3097 834 3167 λιπων
859 3097 924 3166 δ’
953 3126 1039 3167 αν
1062 3101 1269 3170 ουδὲν
1290 3096 1627 3206 αχθοίμην
1650 3107 1819 3208 βίον.

341 3186 759 3292 παραινέσαι
761 3203 867 3251 σοι
897 3187 1217 3292 σμικρόν,
1247 3181 1577 3290 Ἀλκμήνη
1594 3236 1613 3270 ,
1638 3187 1842 3271 θέλω,

341 3267 464 3337 τὸν
483 3265 685 3373 ἄνδρ’
721 3266 992 3372 ἀφεῖναι
1015 3268 1228 3353 τόνδ’,
1257 3271 1399 3336 ἐπεὶ
1421 3270 1612 3337 πόλει
1638 3272 1841 3335 δοκεῖ.

346 3378 408 3419 τι
398 3349 498 3419 ”δ
507 3403 525 3436 ,
551 3348 647 3460 ἦν
659 3352 842 3458 θάνῃ
869 3378 938 3420 τε
961 3355 1070 3419 καὶ
1093 3356 1283 3423 πόλει
1306 3352 1702 3454 πιθώμεθα,
2018 3365 2149 3419 1020

345 3461 426 3502 τα
449 3433 647 3526 λωστ’
688 3432 775 3504 ὅὶν
800 3446 932 3521 εἴη·
959 3461 1100 3516 πως
1122 3434 1268 3505 τάδ’
1297 3440 1425 3504 οὐν
1447 3434 1829 3539 γενήσεταις

345 3518 477 3605 ἐγώ
496 3503 750 3601 ὃιδαξω
776 3524 1049 3612 ρᾳδίως·
1078 3526 1416 3589 κτανοῦσα
1439 3518 1566 3607 γὰρ
