2492 3900
243 161 372 226 350
733 160 1146 219 ΗΡΑΚΔΗΣ
1181 159 1799 219 ΜΑΙΝΟΜΕΝΟΣ

407 236 466 336 s

241 341 356 404 IP.
475 342 794 418 θαρσεῖτε
821 326 1095 409 Νυκτὸς
1125 323 1319 416 τήνδ’
1352 323 1647 414 ὁρῶντες
1674 335 1963 417 ἔκγονον

474 432 792 520 Λύσσαν,
823 433 1167 520 γέροντες,
1196 425 1365 517 κάμὲ
1392 428 1519 517 τὴν
1546 437 1735 500 θεῶν
1763 431 1999 520 λάτριν

469 526 658 626 Ἰριν·
710 534 900 604 πόλει
927 531 1057 621 γὰρ
1087 529 1294 602 οὐδὲν
1321 527 1576 619 ἥκομεν
1604 533 1873 622 βλάβος,

478 634 628 718 ἑνὸς
657 634 722 707 δ’
754 633 848 707 ἐπ’
881 632 1132 725 ἀνδρὸς
1160 633 1433 721 δοόματα
1462 635 1935 725 στρατεύομεν,
2166 651 2279 707 825

475 735 556 808 ὅν
583 762 796 827 φασιν
824 735 996 806 εἶναι
1025 735 1243 825 Ζηνὸς
1266 732 1634 825 Ἀλκμήνης
1661 734 1711 806 τ’
1745 734 1895 807 ἄπο.

477 843 642 930 πρὶν
672 840 795 929 μὲν
823 838 954 927 γὰρ
982 835 1242 918 ἄθλους
1269 841 1736 928 ἐκτελευτῆσαι
1762 840 2073 928 πικρούς,

473 941 547 1012 τὸ
577 941 700 1033 χρῆ
735 969 849 1010 νιν
884 947 1227 1028 ἐξέσωζεν,
1268 938 1421 1009 οὐδ’
1464 950 1567 1009 εἶα
1604 941 1819 1026 πατὴρ

477 1045 649 1125 Ζεύς
677 1074 789 1115 νιν
817 1050 1038 1124 κακῶς
1074 1049 1247 1133 δρᾶν
1275 1039 1411 1110 οὔτ’
1447 1040 1539 1130 ἔμ’
1572 1040 1737 1113 οὔθ’
1766 1040 1989 1133 Ι’Ἠραν
2017 1048 2199 1114 ποτέ.

479 1149 626 1218 ἐπεὶ
653 1148 728 1218 δὲ
754 1148 1052 1235 μόχθους
1083 1142 1425 1233 διεπέρασ’
1461 1143 1899 1234 Εὐρυσθέως,
2164 1163 2275 1217 830

453 1245 631 1338 ’Ἡρα
657 1249 996 1338 προσάψαι
1023 1245 1258 1318 κοινὸν
1284 1241 1413 1334 αἷμ’
1446 1245 1631 1340 αὐτῷ
1660 1250 1849 1318 θέλει

470 1357 712 1433 παῖδας
738 1357 1242 1422 κατακτείναντι
1258 1400 1278 1436 ,
1306 1352 1620 1419 συνθέλω
1648 1346 1708 1419 δ’
1750 1349 1900 1439 ἐγώ.

469 1450 606 1522 ἀλλ’
643 1450 753 1540 εἶ’,
787 1450 1109 1540 ἄτεγκτον
1141 1458 1571 1539 συλλαβοῦσα
1598 1457 1905 1542 καρδίαν,

466 1553 739 1634 Νυκτὸς
766 1561 1078 1641 κελαινῆς
1108 1552 1473 1642 ἀνυμέναιε
1505 1557 1827 1645 παρθένε,

468 1666 710 1745 μανίας
736 1653 785 1726 τ’
820 1652 914 1726 ἐπ’
947 1653 1149 1745 ἀνδρὶ
1179 1663 1353 1749 τῷδε
1379 1659 1493 1726 καὶ
1521 1656 2007 1737 παιδοκτόνους
2160 1674 2265 1729 835

470 1766 745 1850 φρενῶν
775 1757 1156 1849 ταραγμοὺς
1187 1760 1302 1828 καὶ
1328 1764 1561 1828 ποδοῖν
1588 1757 1997 1847 σκιρτήματα

471 1869 712 1933 ἔλαυνε
740 1869 936 1949 κίνει,
974 1860 1219 1949 φόνιον
1247 1863 1407 1943 ἐξίει
1430 1861 1678 1949 κάλων,

469 1964 558 2048 ὥς
588 1962 674 2035 ἀν
701 1966 1038 2056 πορεύσας
1065 1963 1148 2036 δι’
1174 1962 1605 2054 Ἀχερούσιον
1633 1964 1847 2053 πόρον

466 2067 586 2138 τὸν
613 2075 1018 2140 καλλίπαιδα
1047 2070 1382 2156 στέφανον
1411 2064 1713 2157 αὐθέντῃ
1741 2067 1931 2158 φόνῳ

465 2178 608 2261 γνῷ
636 2171 760 2259 μὲν
788 2167 1129 2261 τόνἽῙρας
1159 2165 1301 2251 οἷός
1331 2166 1455 2238 ἐστ’
1493 2166 1678 2261 αὐτῷ
1708 2169 1922 2257 χόλος,
2154 2187 2269 2242 840

465 2272 656 2361 μάθῃ
684 2272 761 2341 δὲ
786 2270 906 2340 τὸν
934 2272 1097 2361 ἐμόν
1114 2295 1128 2310 ·
1159 2268 1205 2359 ἢ
1233 2273 1391 2341 θεοὶ
1416 2271 1540 2359 μὲν
1568 2269 1895 2359 οὐδαμοῦ,

464 2372 546 2442 τὰ
572 2370 794 2460 θνητὰ
823 2370 892 2442 δ’
925 2380 1108 2443 ἔσται
1138 2374 1417 2463 μεγάλα,
1450 2376 1541 2463 μη
1572 2372 1810 2455 δόντος
1838 2378 2057 2462 δίκην.

235 2479 432 2543 ΛΤΤ.
468 2478 534 2557 ἐξ
566 2472 889 2564 εὐγενοῦς
915 2476 1041 2564 μὲν
1067 2475 1317 2568 πατρὸς
1343 2483 1419 2546 ἔκ
1447 2504 1519 2547 τε
1545 2478 1829 2565 μητέρος

462 2680 654 2769 τιμὰς
681 2677 750 2751 δ’
785 2688 910 2770 ἔχω
939 2678 1155 2769 τάσδ’,
1193 2678 1322 2751 οῦκ
1350 2678 1734 2769 ἀγασθῆναι
1763 2686 2007 2768 φίλοις,
2147 2696 2258 2752 845

459 2780 615 2851 οὐδ’
648 2780 895 2871 ἥδομαι
923 2781 1207 2871 ‹pon-656³
1244 2779 1338 2853 ἐπ’
1374 2780 1764 2872 ἀνθρώπων
1801 2788 2110 2870 [φίλους].

461 2887 856 2974 παραινέσαι
891 2888 998 2974 δέ,
1036 2888 1199 2983 πρὶν
1229 2894 1605 2973 σφαλεῖσαν
1641 2891 1939 2971 εἰσιδεῖν,

442 2982 617 3080 ’Ἡρα
645 2989 828 3057 θέλω
857 2996 969 3058 σοί
990 2985 1065 3075 τ’,
1095 2984 1181 3077 ἦν
1208 2984 1502 3075 πίθησθ’
1539 2991 1719 3076 ἐμοῖς
1748 2986 1990 3075 λόγοις.

459 3085 630 3181 ἀνὴρ
661 3087 767 3161 δ’δ’
804 3087 931 3161 οῦκ
960 3088 1210 3180 ἄσημος
1237 3086 1371 3162 οὔτ’
1407 3092 1515 3159 ἐπὶ
1545 3093 1749 3178 χθονὶ

459 3187 596 3262 οὔτ’
632 3196 706 3262 ἐν
733 3204 1034 3282 θεοῖσιν,
1071 3184 1157 3263 οῦ
1182 3195 1265 3281 γέ
1288 3190 1347 3280 μ’
1385 3196 1766 3282 εἰσπέμπεις
1795 3189 2046 3281 δόμους
2065 3214 2080 3228 ·
2145 3207 2253 3261 850

459 3292 713 3383 ἄβατον
741 3295 818 3366 δὲ
842 3294 1070 3387 χώραν
1097 3297 1211 3365 καὶ
1240 3294 1593 3365 θάλασσαν
1620 3293 1865 3386 ἀγρίαν

459 3397 906 3486 ἐξημερώσας,
936 3404 1126 3467 θεῶν
1153 3393 1518 3485 ἀνέστησεν
1544 3398 1751 3487 μόνος

458 3494 648 3583 τιμὰς
676 3497 1040 3578 πιτνούσας
1066 3494 1363 3567 ἀνοσίων
1392 3495 1666 3587 ἀνδρῶν
1696 3496 1880 3569 ῦπο·’
