2492 3900
290 160 413 223 232
1161 159 1468 219 EAENH

518 322 899 399 ποιναθεῖσ’
935 325 1272 416 ἐκτήσατο,
1301 332 1431 415 γᾶν

522 428 648 500 οὐκ
676 428 976 498 ἐλθοῦσά
1000 425 1150 498 ποτ’
1174 424 1372 496 Ἰλίου
1964 461 1973 464 ·
2175 451 2317 504 1510

525 537 884 620 Φοιβείους
912 532 1021 599 ἐπὶ
1046 529 1370 618 πύργους.

293 643 486 704 ΑΓΓ.
518 632 717 721 ἅναξ,
748 636 851 716 [τὰ
882 627 1143 701 κάκιστ’
1178 634 1254 701 ἐν
1281 626 1512 718 δόμοις
1543 627 1950 721 εὑρήκαμεν·

523 732 613 816 ὥς
641 731 839 817 καίν’]
868 730 1143 802 ἀκούσει
1170 728 1420 821 πήματ’
1455 735 1520 815 ἐξ
1548 736 1715 820 ἐμοῦ
1743 734 1924 822 τάχα.

295 845 561 907 ΘΕΟΚ.
594 843 665 904 τί
689 831 754 903 δ’
789 841 1006 917 ἔστιν;
1042 840 1238 903 ΑΓΓ.
1271 831 1474 921 άλλης
1501 833 1770 905 ἐκπόνει
1795 837 2274 926 μνηστεύματα

526 932 879 1027 γυναικός·
900 931 1129 1023 Ἑλένη
1161 934 1293 1024 γὰρ
1321 933 1544 1024 βέβηκ’
1581 939 1706 1019 ἔξω
1729 939 1995 1025 χθονός.
2176 959 2316 1010 1515

297 1047 561 1110 ΘΕΟΚ.
593 1053 934 1128 πτεροῖσιν
964 1033 1232 1127 ἀρθεῑσ’
1265 1032 1311 1124 ἢ
1339 1043 1728 1126 πεδοστιβεῖ
1747 1044 1912 1109 ποδί
1920 1072 1937 1122 ;

296 1149 490 1212 ΑΓΓ.
519 1142 870 1220 Μενέλαος
896 1136 1112 1227 αὐτὴν
1139 1138 1724 1229 ἐκπεπόρθμευται
1747 1141 2019 1228 χθονός,

525 1240 599 1324 ὃς
630 1239 833 1322 αὐτὸς
861 1238 1070 1311 αὑτὸν
1095 1231 1312 1328 ἦλθεν
1339 1237 1684 1329 ἀγγέλλων
1711 1251 1970 1311 θανεῖν.

160 1347 179 1362 “
298 1352 563 1416 ΘΕΟΚ.
595 1335 649 1412 ὦ
676 1342 865 1413 δεινὰ
895 1344 1081 1425 λέξας
1101 1363 1115 1377 ·
1136 1349 1239 1422 τίς
1267 1344 1348 1411 δέ
1367 1371 1480 1412 νιν
1509 1349 1886 1433 ναυκληρία

530 1449 604 1515 ἐκ
636 1442 823 1532 τῆσδ’
857 1442 1073 1533 ἀπῆρε
1098 1442 1382 1531 χθονός;
1413 1441 1657 1514 ἄπιστα
1680 1443 1810 1534 γὰρ
1837 1447 2070 1533 λέγεις.
2176 1464 2320 1516 1520

300 1556 492 1618 ΑΓΓ.
526 1544 612 1634 ἦν
642 1573 720 1634 γε
746 1547 913 1638 ξένῳ
944 1549 1150 1625 δίδως
1177 1544 1266 1614 σὺ
1294 1544 1449 1626 τούς
1475 1573 1547 1616 τε
1574 1544 1739 1627 σοῦς
1765 1552 1938 1634 ἔχων

528 1645 780 1728 ναύτας
804 1648 1124 1736 βέβηκεν,
1160 1643 1248 1727 ὥς
1279 1641 1364 1716 ἀν
1391 1650 1464 1717 ἐν
1490 1656 1730 1738 βραχεῖ
1746 1648 1988 1737 μάθῃς.

302 1757 558 1820 ΘΕΟΚ.
590 1756 765 1832 πῶς;
803 1750 1053 1817 εἰδέναι
1087 1747 1471 1838 πρόθυμος·
1511 1746 1594 1818 ού
1621 1748 1749 1838 γὰρ
1776 1752 2074 1818 ἐλπίδων

533 1861 689 1921 εἴσω
717 1852 971 1940 βέβηκα
996 1856 1159 1938 μίαν
1187 1846 1644 1939 ὑπερδραμεῖν
1669 1853 1830 1939 χέρα

530 1952 854 2024 τοσούσδε
881 1951 1149 2040 ναύτας,
1180 1941 1279 2021 ὦν
1306 1948 1674 2041 ἀπεστάλης
1698 1956 1880 2040 μέτα.
2181 1972 2320 2025 1525

302 2063 495 2125 ΑΓΓ.
526 2058 669 2125 ἐπεὶ
696 2063 984 2125 λιποῦσα
1008 2053 1254 2124 τούσδε
1279 2051 1668 2143 βασιλικούς
1702 2049 1954 2139 δόμους

538 2155 576 2244 ἡ
604 2163 725 2225 τοῦ
755 2155 925 2237 Διὸς
953 2170 1107 2237 παῖς
1134 2154 1303 2244 πρὸς
1331 2155 1682 2226 θάλασσαν
1709 2155 1968 2242 ἐστάλη,

532 2254 883 2345 σοφώταθ’
917 2254 1129 2345 ἀβρὸν
1157 2256 1332 2325 πόδα
1359 2256 1601 2327 ‘efficto'
1635 2253 1947 2327 ἀνέστενε

532 2359 733 2427 πόσιν
760 2360 961 2438 πέλας
986 2355 1288 2446 παρόντα
1314 2355 1442 2427 κοῦ
1477 2358 1866 2446 τεθνηκότα.

534 2456 622 2540 ὥς
650 2456 715 2527 δ’
748 2455 1053 2548 ἤλθομεν
1078 2465 1218 2528 σῶν
1245 2466 1608 2549 περίβολον
1639 2468 1963 2550 νεωρίων,
2178 2477 2324 2530 1530

532 2567 880 2631 Σιδωνίαν
906 2564 1083 2631 ναῦν
1109 2562 1556 2649 πρωτόπλουν
1581 2568 2028 2649 καθείλκομεν

536 2670 757 2752 ζυγῶν
784 2692 855 2734 τε
884 2662 1292 2749 πεντήκοντα
1319 2659 1669 2753 κάρετμῶν
1694 2665 1900 2752 μέτρα

534 2772 835 2851 ἔχουσαν.
868 2772 1072 2853 ἔργου
1102 2761 1167 2832 δ’
1202 2770 1402 2852 ἔργον
1429 2768 1806 2853 ἐξημείβετο
1827 2785 1842 2799 ·

531 2863 569 2937 3
600 2865 726 2952 μὲν
747 2863 873 2954 γὰρ
904 2863 1089 2933 ίστόν
1106 2916 1125 2952 ,
1164 2864 1302 2935 ἃδε
1329 2866 1584 2953 πλάτην
1610 2870 1976 2935 καθίστατο

534 2965 781 3055 ταρσόν
810 2994 881 3035 τε
907 2971 1109 3054 χειρί,
1137 2966 1348 3036 λευκά
1373 2965 1450 3036 θ’
1485 2964 1639 3036 ἱστί’
1674 2973 1768 3047 είς
1795 2972 1872 3035 ἓν
1898 2957 2005 3054 ἦν,
2185 2984 2326 3037 1535

538 3066 831 3155 πηδάλιά
856 3095 927 3137 τε
954 3065 1292 3156 ζεύγλαισι
1326 3076 1802 3158 παρακαθίετο.

538 3165 667 3238 κάν
699 3175 873 3261 τῷδε
900 3170 1156 3264 μόχθῳ,
1184 3167 1370 3239 τοῦτ’
1407 3166 1538 3261 ἄρα
1561 3168 2030 3257 σκοπούμενοι,

527 3266 841 3357 Ἕλληνες
868 3268 1113 3361 ἄνδρες
1136 3276 1463 3366 Μενέλεῳ
1490 3274 1896 3361 ξυνέμποροι

540 3378 930 3461 προσῆλθον
958 3369 1183 3454 ἀκταῖς
1208 3373 1635 3462 ναυφθόροις
1660 3371 2035 3462 ἠσθημένοι

542 3475 929 3560 πέπλοισιν,
962 3469 1243 3556 εὐειδεῖς
1269 3477 1426 3562 μέν,
1455 3471 1787 3563 αὐχμηροὶ
1813 3470 1878 3542 δ’
1911 3468 2099 3559 ὁρᾶν.
2186 3489 2332 3542 1540
